3059 4967
851 384 908 457 ,16

281 591 331 657 les
355 592 388 656 in
410 587 698 653 administratione
719 590 820 654 vendi
841 591 1013 675 licere¹⁹).
1029 628 1069 640 -
1085 592 1154 658 Sed
1180 614 1387 680 quamquam
1409 594 1502 681 quod

280 694 425 759 vidimus
435 690 471 755 id
481 690 752 776 maximejagitur,
769 700 807 757 ut
820 714 890 757 non
902 694 1130 759 diminuantur
1139 693 1241 770 bona,
1253 704 1365 761 tamur
1377 697 1500 783 pupilli

279 796 387 881 ipsius
410 792 529 857 salutis
552 812 633 854 cura
654 790 725 856 fieri
748 800 876 877 potest,
905 804 944 860 ut
965 804 1081 861 eorum'
1111 786 1240 882 aliquid
1268 806 1499 862 consumatur.

279 898 363 961 Nam
379 916 479 983 quum
497 902 631 975 curator
647 892 717 957 suis
732 894 840 979 ipsius
856 897 978 981 opibus
991 896 1156 983 pupillum
1171 898 1261 963 alere
1276 898 1375 963 nullo
1398 900 1499 963 modo

281 1000 357 1086 cogi
372 996 491 1083 possit,
509 993 538 1058 si
552 995 718 1057 bonorum
733 994 875 1075 fructus,
891 1007 930 1063 ut
945 1006 1154 1063 sustentetur
1170 999 1320 1085 pupillus
1338 1021 1416 1065 non
1432 1001 1499 1064 suf-

280 1102 411 1175 ficiunt,
434 1105 471 1162 ut
486 1095 686 1160 facultatum
707 1095 836 1183 aliquid
862 1109 1093 1177 consumatur,
1114 1122 1253 1166 necesse
1276 1109 1337 1178 est.
1385 1104 1499 1188 Atque

279 1203 421 1290 primum
442 1219 551 1263 rerum
571 1196 743 1261 mobilium
766 1209 894 1285 quanta
908 1222 987 1286 pars
1008 1202 1053 1265 sit
1073 1202 1313 1280 consumenda,
1334 1212 1399 1267 aut
1423 1226 1498 1289 pro·

279 1303 399 1392 pinqui
410 1307 473 1386 aut
486 1297 580 1385 leges
596 1299 809 1365 constituunt
819 1306 880 1385 ²⁰).
919 1300 989 1367 Sed
1004 1304 1106 1367 etiam
1118 1304 1283 1390 ejusmodi
1297 1305 1406 1370 rebus
1420 1305 1497 1370 defi·

279 1403 445 1472 cientibus
461 1398 590 1486 Gralgas
607 1402 754 1465 curatori
770 1423 833 1466 suo
848 1404 986 1468 arbitrio
1005 1402 1147 1470 fundum
1164 1406 1354 1471 abalienare
1370 1428 1497 1472 conce·

279 1508 397 1589 dit21),
413 1502 504 1589 apud
518 1500 551 1566 N
553 1503 728 1589 orvegieos
744 1505 927 1592 propinqui
943 1504 1007 1569 hac
1023 1506 1065 1570 de
1079 1528 1115 1571 re
1131 1506 1376 1591 consulunt22)
1396 1520 1498 1594 atque

279 1607 459 1675 recentiori
471 1605 552 1691 jure
564 1603 682 1691 judice
702 1605 885 1693 adjuvante
907 1606 974 1671 hac
995 1607 1037 1672 de
1056 1607 1270 1673 abalienandi
1291 1610 1498 1673 necessitate

279 1709 540 1791 decernitur²³).
575 1705 652 1786 Quo
665 1706 756 1772 facto
773 1709 893 1786 omnia,
910 1731 997 1796 quae
1012 1709 1054 1773 ab
1071 1708 1340 1775 administratore
1356 1719 1496 1775 contra·

278 1812 415 1887 huntur,
438 1808 472 1872 in
488 1808 652 1894 pupillum
675 1809 825 1875 adultum
847 1832 917 1874 non
939 1811 1049 1875 minus
1072 1830 1172 1898 quam
1193 1811 1230 1875 in
1252 1810 1338 1876 alios
1367 1812 1495 1877 valent.

277 1913 478 1986 Praeterea,
495 1932 581 1996 quae
598 1911 815 1995 protulimus,
833 1912 927 1999 quod
943 1912 985 1977 de
994 1911 1298 2001 administratione,
1315 1914 1493 1999 quomodo

278 2024 421 2103 geratur,
436 2013 529 2099 leges
546 2012 728 2111 singularia
743 2035 813 2078 non
833 2015 1055 2090 constituunt,
1077 2035 1148 2078 non
1163 2014 1364 2090 mirabimur,
1392 2038 1495 2102 quum

278 2114 535 2204 cognoverimus
556 2114 591 2178 id
612 2122 741 2179 tantum
762 2115 860 2199 posci
881 2138 902 2179 a
924 2124 1095 2193 curatore,
1117 2124 1156 2182 ut
1177 2124 1304 2202 quanta
1324 2117 1495 2201 acceperit
1513 2157 1514 2176 ι

277 2220 368 2285 bona
384 2226 477 2283 tanta
491 2215 655 2295 restituat,
677 2224 778 2303 atque
798 2218 1013 2305 propinquos
1029 2220 1186 2295 curatori,
1209 2216 1494 2305 quandocumque
1513 2227 1514 2232 ’

277 2422 479 2437 ··-·--
1513 2379 1515 2479 l

278 2556 389 2607 eumque
407 2543 500 2593 tutoris
518 2548 544 2593 et
560 2539 702 2609 impuberis
714 2541 784 2593 bona
795 2542 891 2593 fuerint
902 2542 930 2592 in
942 2540 1022 2594 rebus
1034 2542 1178 2595 mobilibus
1190 2543 1340 2605 constituta,
1358 2549 1392 2592 nt
1404 2539 1493 2592 inillis
1512 2493 1514 2597 l

276 2635 303 2679 et
320 2628 423 2681 lucrum
441 2634 467 2679 et
485 2628 626 2696 dampnum
643 2627 828 2695 quodcumque
844 2629 976 2695 contingit
992 2645 1045 2679 non
1062 2619 1145 2680 nnius*
1159 2628 1293 2694 proprium
1309 2626 1357 2679 sed
1375 2643 1429 2694 pro
1442 2636 1492 2678 rata
1511 2619 1512 2684 l

276 2715 358 2781 partis
375 2716 503 2780 cujusque
519 2729 657 2765 commune
674 2714 709 2765 sit
730 2714 869 2780 utriusque·
885 2713 929 2763 vel
945 2720 1016 2764 tutor
1032 2714 1177 2781 impuberis
1194 2712 1264 2764 bona
1280 2713 1328 2764 teli
1341 2713 1491 2764 conditione

259 2798 385 2865 ‚recipiat
402 2800 528 2864 estlmata,
545 2805 575 2851 ut
585 2800 613 2850 in
630 2799 794 2851 restitutione
812 2798 940 2849 bonorum
955 2795 1022 2849 nihil
1039 2799 1184 2850 diminuere
1196 2797 1228 2848 de
1240 2800 1390 2864 quantitate
1405 2800 1490 2850 valeat
1510 2759 1512 2833 l

275 2886 455 2936 estimationis.
1256 2864 1263 2876 ⁹
1509 2863 1511 2952 (

230 2956 233 2959 ’
330 2969 370 3036 ¹⁸)
389 2971 469 3037 Grag.
485 2969 646 3037 Landbrygb
660 2969 685 3022 b.
700 2970 713 3021 l
728 2966 796 3035 o(lI,
816 2964 875 3035 202)
893 2967 930 3018 ΕΙ
938 2984 1036 3034 uagom
1052 2969 1140 3019 manni
1158 2968 1237 3019 tbmiz
1255 2966 1318 3019 land
1331 2974 1359 3018 at
1371 2968 1432 3035 erfp
1445 2974 1491 3034 epa
1508 2977 1510 3070 (

275 3056 333 3121 gitis
339 3071 371 3105 oe
380 3055 633 3121 selifiarvsrpveialo
643 3060 718 3121 mapr
728 3054 793 3104 hans
806 3052 899 3104 abraut
911 3069 943 3103 oc
952 3070 968 3104 a
977 3051 1046 3104 hann
1055 3053 1132 3121 brigp
1142 3055 1184 3104 till
1196 3059 1257 3120 pesa
1269 3051 1363 3113 landa;
1374 3051 1433 3100 ibid
1446 3052 1489 3101 le

275 3140 319 3207 (ΙΙ,
338 3137 411 3208 208),
430 3140 481 3207 Og.
494 3137 525 3188 L.
537 3136 631 3205 Eghna
646 3140 686 3190 sal
698 3140 763 3191 XXI
780 3136 824 3207 (ΙΙ,
839 3134 910 3203 151),
928 3138 1008 3192 Andr.
1027 3140 1090 3192 Suu.
1108 3138 1200 3188 XXIII
1217 3134 1248 3203 (Ι,
1262 3135 1305 3203 21)
1322 3138 1367 3187 Er.
1380 3137 1449 3203 ch.
1464 3139 1489 3186 L.
1507 3095 1509 3188 l

274 3226 337 3278 siat.
349 3226 369 3288 Ι,
381 3229 415 3277 48
428 3224 464 3292 (II
477 3220 532 3289 68);
544 3223 647 3289 Jydske
659 3226 716 3276 Lov
728 3226 748 3288 1,
761 3225 795 3277 30
808 3221 866 3289 (ΙΙΙ,
879 3220 931 3290 62).

327 3309 369 3378 ²⁰)
387 3312 467 3377 Grag.
484 3308 654 3376 Landbrygp.
672 3310 698 3361 b.
716 3310 734 3359 1.
751 3324 774 3361 e.
788 3305 832 3374 (11,
850 3305 923 3373 208);
942 3307 1018 3359 Aeld.
1031 3307 1074 3358 ol.
1087 3308 1117 3360 L.
1132 3309 1180 3358 115
1193 3305 1223 3373 (Ι,
1236 3303 1280 3372 51)
1292 3334 1327 3343 -
1339 3302 1387 3357 Nn
1400 3308 1489 3373 steigi
1505 3335 1507 3424 p

272 3396 363 3446 vinnzt
373 3393 495 3445 instoedu
506 3394 576 3459 eyrir
587 3410 621 3459 pa
636 3395 691 3445 scal
703 3411 834 3460 umagenn
846 3398 925 3459 neyta
937 3393 1035 3443 haltrat
1047 3408 1153 3443 marera
1162 3392 1363 3444 Xllmauudom
1374 3394 1408 3443 til
1421 3394 1488 3443 hano

273 3498 301 3532 er
312 3482 364 3531 xu
377 3488 450 3531 vetra
462 3479 571 3547 gamall;
584 3481 634 3545 Ny.
646 3479 734 3529 Lands
746 3480 804 3529 Lov
817 3480 848 3542 V,
863 3482 893 3532 14
906 3476 950 3544 (ΙΙ,
963 3475 1019 3544 87),
1032 3478 1075 3543 Oy
1087 3478 1117 3530 L.
1130 3475 1273 3545 Eglrnesal
1290 3476 1355 3528 XXI
1368 3475 1416 3543 (ΙΙ,
1432 3476 1487 3541 151)
1504 3447 1506 3540 )

271 3567 315 3618 Er.
327 3567 391 3639 dog.
404 3565 433 3616 L.
447 3566 502 3617 Siel
513 3567 533 3629 Ι,
546 3568 579 3615 48
592 3564 635 3633 (ΙΙ,
647 3563 698 3631 61).
1503 3551 1504 3554 ’

326 3648 366 3717 ¹¹)
385 3651 465 3718 (trag.
477 3650 645 3717 Landbrygp.
659 3650 685 3703 b.
698 3650 716 3701 1.
729 3665 751 3701 o.
764 3646 809 3716 (ΙΙ,
823 3644 882 3713 208)
895 3648 931 3697 ΕΙ
940 3652 987 3714 pat
996 3645 1059 3696 land
1070 3662 1118 3697 rar
1130 3646 1184 3712 eigi
1195 3645 1254 3710 salt,
1266 3662 1323 3697 sem
1332 3647 1405 3697 hanu
1416 3648 1485 3698 mat'

270 3733 350 3800 dyrst‚
363 3739 413 3801 epa
425 3752 512 3805 gango
524 3738 578 3803 aigi
589 3736 688 3787 sculdir
699 3736 709 3784 i
720 3734 791 3796 land,
802 3750 851 3783 sva
867 3749 921 3783 scm
933 3750 970 3783 nu
988 3747 1035 3783 var
1047 3734 1104 3794 tint,
1121 3737 1172 3799 epa
1183 3749 1247 3782 roro
1259 3733 1291 3783 til
1303 3732 1428 3803 leigobol
1441 3740 1487 3800 epa

269 3822 322 3870 itoc
334 3825 360 3870 at
371 3821 437 3871 aelia
448 3822 480 3874 til
491 3822 584 3875 seulda
596 3826 646 3888 epa
658 3835 760 3886 omega,
772 3822 808 3884 pa
820 3817 912 3885 brigpr
919 3817 1004 3868 laedit
1012 3832 1044 3869 oc
1057 3818 1114 3869 scal
1131 3817 1209 3867 doma
1220 3820 1292 3885 peirn
1308 3817 1404 3885 brigp3
1422 3819 1485 3871 ibid

268 3905 286 3955 l.
300 3920 322 3956 o.
336 3902 380 3973 (ΙΙ,
394 3903 460 3972 202).
838 3956 844 3965 ,

323 3987 363 4056 ²²)
381 3991 456 4042 Aeld.
470 3992 512 4045 Gl.
525 3991 554 4044 L.
570 3993 618 4042 115
631 3989 661 4057 (Ι,
673 3986 717 4055 51)
734 4007 759 4042 v.
772 4005 797 4041 n.
812 3992 852 4041 20.

320 4072 362 4141 ²³)
382 4075 431 4143 Og.
444 4076 474 4126 L.
486 4076 631 4143 Eglma·sal
642 4076 707 4126 XXI
719 4071 763 4141 (ΙΙ,
778 4072 844 4139 151).
859 4099 888 4110 -
902 4072 945 4122 Nu
961 4088 1003 4121 ma
1015 4070 1066 4139 egb
1084 4069 1301 4138 ughnrmaylrana
1310 4073 1373 4139 jorp
1386 4070 1484 4140 slsiptae

184 4186 189 4197 .
266 4166 329 4210 utan
342 4161 372 4210 til
389 4161 479 4212 bactra
495 4162 564 4213 aelle
579 4163 611 4213 til
627 4163 758 4228 iamnapa,
775 4164 887 4226 vnrpaer
899 4157 964 4207 haus
981 4157 1047 4207 mals
1059 4172 1121 4207 man
1133 4158 1333 4207 suafatokerat
1345 4155 1397 4207 han
1411 4157 1484 4209 orkar

266 4246 317 4311 egli
331 4251 384 4312 plin
396 4243 578 4313 ughurmagha
590 4248 739 4312 binniebat,
751 4261 785 4311 pa
797 4244 853 4294 soal
865 4244 917 4293 han
929 4242 1039 4294 andrum
1051 4249 1129 4310 perra
1141 4244 1247 4294 fruenda
1257 4244 1287 4293 til
1297 4242 1387 4309 sighia
1395 4244 1482 4295 athan

265 4332 321 4381 teki
334 4332 367 4381 ok
380 4333 442 4398 stipe
455 4338 514 4399 pern
529 4332 563 4383 ok
577 4334 628 4400 egb
641 4338 718 4399 perra
731 4333 793 4396 jorp
805 4329 878 4392 saeli,
891 4329 947 4378 will
959 4328 1011 4379 ban
1023 4329 1075 4395 egh
1087 4335 1123 4396 pa
1139 4327 1196 4379 skal
1209 4330 1260 4395 ban
1273 4329 1304 4379 til
1316 4331 1419 4395 pingas
1431 4333 1481 4380 fara

266 4418 301 4467 ok
314 4424 377 4484 puer
389 4419 457 4468 vitra
469 4419 502 4468 ok
516 4418 592 4484 siban
604 4418 665 4469 dom
678 4415 737 4467 talia
749 4424 776 4466 at
787 4431 862 4481 perra
880 4417 936 4481 sorp
945 4416 985 4466 firi
998 4415 1087 4466 l'dsdra
1098 4415 1181 4465 saelia
1197 4414 1261 4481 pom
1272 4417 1337 4480 lbpa
1348 4421 1440 4481 macl),
1452 4413 1481 4465 ol

265 4500 316 4569 egb
334 4518 377 4553 ma
393 4503 445 4553 han
463 4504 534 4555 aella
549 4502 590 4553 firi
606 4502 694 4553 lbsdra
711 4506 788 4568 perra
800 4502 862 4566 jorp
879 4501 972 4563 saelia3
990 4502 1033 4551 Er.
1046 4495 1110 4567 Bag.
1128 4500 1158 4550 L.
1172 4499 1233 4553 Siel.
1247 4500 1294 4563 ΙΙΙ,
1308 4504 1337 4549 11
1353 4497 1401 4566 (ΙΙ,
1416 4498 1480 4563 210).

265 4588 342 4641 llavo
360 4604 433 4639 arnae
450 4590 521 4642 Born
539 4588 616 4657 Joro,
635 4603 694 4640 men
713 4588 791 4657 ingen
809 4586 911 4657 Perge,
929 4587 994 4641 ellcr
1006 4587 1052 4641 der
1064 4585 1181 4641 lemmer
1192 4586 1288 4640 saudan
1302 4584 1477 4657 Hungcrsnod
