3059 4967
560 375 762 475 je·-

8 627 9 632 .
48 587 172 668 gentem
187 581 309 646 valere
324 580 413 646 infra
433 578 657 665 intelligemus
668 579 728 662 20).
752 576 815 641 Est
832 584 943 641 autem
959 574 1100 663 virginis
1115 572 1278 651 violatio,-

49 704 111 767 qua
122 681 250 746 familia
267 684 377 770 magis
393 682 482 748 laedi
496 681 630 745 videtur
645 699 744 766 quam
759 678 883 743 femina
897 679 981 764 ipsa.
1003 676 1167 761 Stuprum
1180 673 1267 740 enim
1372 689 1377 697 '

49 784 74 846 si
88 783 272 868 perficitur,
291 787 389 872 virgo
403 783 539 848 omnino
552 781 719 866 particeps
735 779 882 846 habetur
893 777 1049 854 criminis,
1066 777 1268 863 propinquis

48 894 152 950 autem
181 906 247 971 pro
279 885 426 951 familiae
453 884 618 982 gravitate
649 882 807 947 dedecori
837 890 889 946 est
917 881 984 945 hoc
1006 879 1147 967 virginis
1174 877 1269 966 tlagi·

48 985 198 1070 tium21),
238 1008 313 1074 qua
348 1009 384 1052 re
419 985 535 1051 fontes
572 982 735 1061 „familiae
773 983 1010 1048 violationem·
1047 981 1116 1045 hoc
1146 982 1270 1046 crimen
1306 1014 1309 1020 ·

49 1096 191 1151 vocant²
202 1090 244 1172 ²).
277 1089 345 1153 Pro
362 1088 621 1174 diversissigitur
636 1084 779 1171 singulis
789 1085 876 1171 juris
891 1084 1046 1149 fontibus
1060 1082 1270 1168 propinquo·
1363 1103 1366 1111 ’

49 1212 114 1253 rum
131 1212 223 1255 unus
241 1190 510 1276 aut-complures
527 1188 697 1278 conjuncti
714 1209 843 1273 poenas
859 1188 1078 1272 posennt²³).
1112 1185 1223 1268 Atque
1238 1181 1270 1254 ii.

51 1292 172 1374 quibus
197 1301 233 1357 et
258 1300 484 1377 stupratorem
508 1297 543 1355 et
565 1298 749 1375 stupratam
773 1288 978 1374 gravissimis
1001 1285 1121 1372 poenis
1138 1283 1270 1347 afficere

50 1390 134 1467 licet,
151 1402 186 1457 et
203 1394 498 1478 compositionem,
520 1414 607 1479 quae
628 1392 855 1455 transactione
876 1398 934 1454 aut
954 1389 1027 1475 lege
1044 1384 1271 1459 constituitur,
1301 1453 1304 1456 ,

52 1515 140 1557 suam
174 1494 380 1574 habent24).
426 1494 488 1558 Vis
517 1507 626 1558 autem
657 1494 685 1557 si
708 1492 850 1559 infertur
872 1492 994 1577 virgini
1022 1488 1204 1561 resistenti,
1228 1508 1271 1551 ex

52 1594 153 1678 ipsius
169 1596 327 1660 laesione
348 1597 456 1682 ipsius
473 1597 578 1659 oritur
593 1594 721 1681 petitio,
743 1594 882 1680 virginis
898 1592 1032 1657 nomine
1048 1593 1158 1678 agitur
1174 1590 1272 1676 eique

53 1698 255 1780 compositio
287 1697 539 1782 praebetur2⁵).
585 1696 725 1761 Occisae
755 1696 916 1759 ultionem
941 1716 960 1757 a
989 1693 1143 1758 muliebri
1165 1690 1272 1756 tutela

54 1796 291 1863 abhorrentem
314 1798 343 1862 si
366 1800 559 1876 omittimus,
583 1799 656 1863 aliis
680 1818 818 1884 quoque
840 1796 1033 1862 criminibus
1055 1796 1089 1858 in
1111 1794 1272 1880 virginem

54 1901 241 1965 commissis
258 1906 351 1965 tutor
366 1901 488 1986 injuria
503 1899 591 1965 affici
607 1908 730 1986 potest,
746 1901 794 1962 ita
810 1901 836 1962 ri
850 1898 927 1985 quis
942 1897 1032 1962 illam
1049 1895 1223 1961 custodiae
1240 1903 1274 1957 et

55 2002 258 2079 auctoritati,
281 2022 349 2087 qua
371 2002 477 2065 utitur
499 2009 601 2077 tutor,
625 2001 742 2067 aufert.
790 1999 921 2079 Quibus
938 1999 1067 2065 scilicet
1082 2019 1124 2061 ex
1140 1995 1272 2060 delictis

56 2103 154 2166 tutori
188 2102 345 2167 oriuntur
372 2102 562 2187 petitiones
591 2102 626 2166 id
655 2101 748 2189 quod
772 2122 983 2188 nequaquam
1006 2107 1174 2185 repugnat
1197 2118 1272 2161 cum

57 2204 222 2267 sententia
239 2203 393 2267 omnibus
408 2203 496 2290 juris
518 2202 670 2267 fontibus
692 2205 847 2289 probata,
868 2212 1009 2288 propter
1023 2202 1130 2287 ipsius
1145 2200 1269 2264 laesio·

56 2326 126 2367 nem
143 2304 301 2369 feminam
323 2305 430 2389 ipsam
451 2305 575 2370 habere
598 2306 853 2390 compositionis
873 2307 1079 2390 petitionem.
1124 2303 1271 2367 Demon·
1295 2339 1299 2346 ·

57 2418 160 2471 strare
173 2415 285 2471 autem
298 2416 459 2493 quantum
476 2406 623 2471 mulieris
635 2417 754 2471 natura
766 2406 878 2472 valeat
893 2408 927 2471 in
943 2428 1074 2494 poenae
1087 2404 1273 2489 quantitate

58 2516 89 2571 et
105 2508 269 2592 qualitate
282 2507 479 2583 definienda,
496 2516 598 2592 atque
615 2508 802 2582 ostendere,
818 2508 959 2573 feminae
975 2509 1156 2572 laesionem
1171 2506 1273 2570 modo

57 2611 172 2675 eadem
189 2610 292 2692 modo
308 2611 427 2697 majori
441 2610 543 2674 modo
559 2607 678 2673 minori
694 2630 805 2695 poena
819 2611 930 2695 puniri
943 2632 1043 2695 quam
1058 2610 1130 2686 viri,
1147 2629 1216 2672 non
1231 2606 1275 2671 ad

56 2713 195 2777 tutelam
212 2713 418 2777 tractandam
430 2713 584 2797 pertinet,
600 2712 660 2777 sed
677 2711 785 2797 adjus
802 2712 1043 2796 criminale²⁶).
1067 2710 1179 2790 Quum
1191 2729 1271 2795 cog·

57 2816 261 2892 noverimus,
285 2835 305 2878 a
327 2814 450 2899 quibus
471 2822 506 2880 et
527 2814 699 2899 quomodo
722 2814 846 2901 virgini
868 2813 1005 2879 adultae
1025 2813 1101 2878 aliis
1121 2813 1156 2876 in
1172 2811 1274 2876 rebus

56 2984 258 3001 ’.ὴ-ξ

57 3108 120 3169 paor
136 3103 208 3155 betis
224 3104 266 3155 firi
283 3122 316 3172 pa
332 3105 397 3157 hdro
414 3104 532 3157 brennae
550 3106 617 3157 hullt
634 3105 702 3158 halft
713 3106 745 3157 til
756 3106 792 3157 olr
810 3106 877 3156 halft
894 3104 1011 3157 haennee
1027 3105 1100 3173 gipta
1111 3118 1206 3153 manue
1216 3117 1276 3154 sum

57 3188 126 3239 hana
138 3189 220 3241 sekir

108 3270 152 3340 ²⁰)
170 3274 203 3326 V.
215 3290 241 3325 n.
253 3276 295 3327 58.

109 3357 153 3427 21)
173 3359 261 3410 Wilde
274 3355 417 3411 Strefreoht
432 3376 457 3427 p.
472 3361 522 3411 809
535 3376 590 3425 sqq.
604 3362 637 3413 os.
650 3376 675 3413 n.
690 3363 730 3423 23,
744 3362 785 3413 15.

109 3441 153 3511 ²²)
172 3445 250 3512 arag.
263 3446 333 3497 Fert.
347 3449 374 3511 p.
389 3448 420 3495 27
434 3460 457 3498 o.
470 3440 500 3510 (1,
514 3442 574 3512 341)
588 3471 619 3481 -
633 3443 898 3512 „fraendsemisspell
910 3447 937 3494 et
948 3439 1107 3508 sitia-spell-“.

108 3528 152 3598 ²³)
171 3532 249 3597 ereg.
267 3518 351 3595 vigel.
369 3532 400 3580 ar
420 3545 435 3581 e
453 3528 497 3597 (11,
514 3525 565 3595 eo),
581 3530 645 3581 Fosi
663 3535 689 3598 p.
704 3532 736 3583 25
754 3546 776 3583 e.
790 3529 820 3597 (r,
835 3526 902 3595 aas).
917 3531 958 3590 ee,
971 3530 1004 3578 ee
1017 3543 1040 3579 e.
1053 3542 1076 3580 ο.
1089 3522 1119 3592 (1,
1133 3523 1191 3585 348,
1212 3516 1273 3586 aar)

58 3616 132 3669 Aeld.
148 3617 190 3670 (ΙΙ,
203 3617 233 3667 L.
248 3618 296 3666 160
310 3612 340 3681 (Ι,
354 3613 396 3681 62)
411 3619 458 3667 201
473 3614 503 3683 (Ι,
518 3614 560 3682 71)
578 3615 646 3666 Aeld
658 3618 699 3669 Fr.
713 3617 743 3669 L.
756 3616 801 3679 IV,
814 3618 846 3666 39
860 3613 890 3682 (Ι,
905 3610 963 3679 169)
982 3614 1028 3676 ΙΙΙ,
1047 3615 1078 3661 17
1092 3607 1122 3678 (Ι,
1136 3604 1208 3673 233);
1223 3607 1273 3675 Og.

57 3701 88 3751 L.
100 3702 168 3768 Vap.
182 3718 216 3753 m.
229 3701 292 3751 XIV
304 3697 348 3766 (ΙΙ,
362 3697 405 3767 75)
416 3702 460 3753 Er.
473 3701 536 3768 Reg.
550 3701 580 3753 L.
595 3701 657 3753 Siel.
670 3702 716 3765 ΙΙΙ,
730 3703 762 3752 38
773 3699 817 3768 (ΙΙ,
831 3697 904 3767 171),
916 3699 1006 3751 wilda
1017 3698 1035 3751 Ι.
1049 3712 1071 3749 e.
1083 3713 1108 3763 p.
1119 3696 1170 3745 809
1183 3708 1238 3759 sqq.

110 3782 154 3852 ²¹¹)
172 3786 204 3839 V.
216 3803 241 3839 n.
256 3788 288 3837 23
301 3793 328 3837 et
341 3786 381 3839 25.

109 3868 153 3938 ²⁵)
171 3872 249 3938 Grdg.
262 3872 333 3924 Fest.
346 3876 373 3938 1).
388 3874 420 3920 24
433 3884 454 3919 c.
469 3867 511 3937 (Ι,
530 3866 590 3936 338)
604 3898 635 3907 -
648 3868 726 3922 Kone
743 3887 759 3921 a
776 3871 848 3922 saliit
865 3875 930 3937 paee
946 3870 1014 3930 aller
1026 3869 1054 3918 ef
1061 3864 1115 3915 hon
1126 3859 1174 3924 vill
1185 3861 1274 3927 reipan

57 3957 111 4024 rip,
124 3956 192 4007 ende
204 3958 273 4008 eomi
285 3958 338 4025 eigi
350 3954 415 4007 fram
428 3956 549 4023 legorpit,
559 3969 594 4007 oo
617 3957 665 4008 vili
683 3955 735 4007 hon
747 3963 801 4009 sott
811 3957 880 4019 hala,
897 3971 931 4006 eu
948 3954 1000 4005 ella
1012 3969 1028 4002 a
1039 3946 1195 4018 lograpundi
1210 3946 1274 3997 hen·

58 4059 116 4106 nar3
130 4043 179 4111 og.
198 4044 228 4096 L.
248 4043 316 4111 ch.
333 4060 367 4097 m.
386 4042 449 4093 XIV
465 4038 508 4106 (ΙΙ,
528 4038 570 4107 75)
584 4068 616 4078 -
629 4042 666 4093 alt
677 4046 740 4109 poet
760 4058 819 4093 sum
834 4045 898 4108 puer
915 4040 986 4092 betis
997 4038 1039 4088 firi
1051 4041 1086 4104 pa
1097 4035 1161 4084 hdre
1173 4033 1274 4083 haenne

57 4127 124 4178 hullt
140 4127 172 4177 til
193 4128 227 4178 ok
245 4128 312 4179 hall't
327 4128 431 4178 haenna
442 4127 516 4194 gipta
533 4143 627 4178 manne
644 4143 702 4178 sum
719 4125 788 4177 hena
805 4127 886 4190 abbir,
903 4130 967 4175 utan
983 4123 1036 4173 han
1052 4125 1135 4187 uarpe
1152 4123 1274 4169 raentaer

58 4214 130 4280 gipta
153 4212 223 4264 mala
240 4219 276 4280 pa
291 4213 382 4266 bdtser
399 4214 475 4264 h'drin
493 4215 566 4279 gipta
583 4214 736 4265 manninum
752 4213 796 4275 til,
818 4211 887 4261 aella
903 4209 956 4261 hon
973 4208 1061 4261 kunne
1078 4206 1119 4257 firi
1137 4205 1211 4270 liggo
1232 4203 1274 4254 sik

58 4299 127 4349 aella
150 4299 203 4350 hen
215 4296 302 4349 bunne
315 4295 376 4349 taba
393 4298 528 4365 vinguevsr
538 4298 581 4349 firi
603 4298 685 4360 haua3
708 4296 837 4349 Wuldem.
857 4296 922 4361 Reg.
935 4295 965 4347 L.
979 4293 1042 4346 siet.
1064 4295 1096 4343 61
1115 4290 1196 4342 Andr.
1210 4289 1273 4342 eun.

59 4384 182 4436 CXXVII
205 4382 236 4460 (Ι,
255 4380 313 4450 126)
330 4385 374 4437 Ε1.
391 4384 457 4452 Reg.
474 4385 504 4437 L.
524 4384 586 4438 ster.
604 4385 652 4447 ΙΙΙ,
671 4385 704 4435 38
727 4378 771 4449 (11,
790 4377 1056 4447 271)Iydsk.L.11,
1075 4379 1106 4428 18
1124 4374 1181 4444 (ΙΙΙ,
1200 4370 1274 4441 150);

58 4470 147 4522 Wilda
158 4470 178 4522 Ι.
190 4485 213 4522 o.
225 4486 250 4535 p.
264 4470 315 4524 868
327 4485 382 4536 sqq.
603 4494 605 4497 ·

110 4551 151 4623 Ἰ)
169 4554 258 4605 wilda
267 4556 285 4610 Ι,
299 4572 323 4607 o.
335 4571 361 4622 p.
375 4556 425 4607 648
438 4571 491 4621 sqq.
974 4564 994 4597 c
