3059 4967
53 6 88 70 s
108 6 141 30 '²'

131 36 138 58 Ι

39 74 52 101 s
101 70 105 87 1
127 67 131 79 ’
167 3 258 171 N

19 161 24 177 t
101 160 113 209 '¹¹

811 396 854 464 36

221 627 288 695 que
308 604 497 672 facultates.
545 602 618 668 Alio
641 601 788 689 quodam
817 601 895 667 loco
920 600 1157 683 refertur³⁴):.
1177 602 1344 669 Halldora
1367 612 1442 669 crat
1507 629 1509 686 i

219 710 355 774 illorum
374 706 458 784 filia,
481 706 597 793 virago
619 703 858 791 pulcherrirna,
882 726 981 791 quam
1003 725 1142 769 uxorem
1163 706 1285 770 ducere
1305 708 1442 771 maximi

220 808 409 875 habebatur
429 807 570 872 honoris
592 813 731 893 propter
754 805 899 871 familiae
919 807 1026 892 ipsius
1048 806 1202 870 eximium
1224 806 1441 893 splendorem
1507 797 1508 808 ¹

221 918 323 997 atque
345 910 452 995 ipsius
474 907 663 972 facultates.
711 906 829 987 Quarta,
853 930 955 995 quum
978 907 1120 972 Glumus
1141 908 1235 993 petit,
1258 931 1328 973 non
1352 932 1443 995 opus
1508 980 1510 996 ἶ

220 1012 300 1077 mihi
316 1020 377 1084 est,
399 1010 519 1097 inquit,
543 1012 811 1096 propinquorum
831 1009 1057 1073 testimonium
1078 1009 1121 1073 de
1141 1032 1193 1073 me
1215 1019 1318 1096 atque
1339 1013 1443 1076 bonis

220 1115 318 1191 meis,
343 1121 488 1177 attamen
517 1113 651 1197 placent
678 1112 757 1176 mihi
785 1110 1015 1187 conditiones,
1050 1132 1271 1196 quascunque
1295 1112 1443 1177 Halldo·
1508 1185 1509 1190 η

219 1238 276 1282 rae
298 1215 481 1302 propinqui
504 1214 721 1279 constituent.
760 1212 851 1277 Idem
873 1213 1001 1297 petenti
1022 1212 1153 1276 cuidam
1175 1213 1443 1298 respondet³⁵):

221 1318 359 1383 Frustra
382 1338 424 1381 ne
440 1337 577 1402 agamus
593 1317 704 1391 timeo,
727 1336 803 1378 nam
820 1312 1025 1400 Ohorginus,
1049 1336 1147 1400 quem
1166 1314 1226 1378 illa
1239 1315 1444 1399 repudiavit,

220 1440 358 1505 magnas
371 1418 524 1503 possidet
534 1416 714 1482 facultates
728 1416 921 1501 multosque
932 1415 1155 1502 propinquos,
1164 1425 1200 1479 tu
1209 1438 1289 1480 vero
1304 1417 1443 1501 paulum

221 1541 346 1585 eorum.
388 1517 465 1583 Alio
488 1520 633 1605 denique
653 1519 793 1601 loco³⁶l
822 1517 1018 1581 Hosculdus
1040 1517 1122 1581 dicit
1141 1518 1279 1593 blondo,
1307 1519 1445 1583 venisse
1509 1581 1510 1598 ¹

222 1644 258 1687 se
279 1620 322 1683 ad
343 1616 477 1705 pactum
502 1644 575 1685 cum
596 1621 654 1685 illo
676 1619 876 1695 faciendum,
900 1618 943 1682 ad
963 1618 1141 1703 petendam
1163 1619 1236 1704 ejus
1255 1618 1357 1683 filiam
1377 1640 1443 1704 pro

220 1724 323 1788 fratre
358 1743 431 1785 suo.
476 1721 583 1801 'Quam
615 1722 826 1806 petitionem,
856 1728 967 1784 utrum
997 1720 1178 1804 accipiant,
1209 1742 1251 1783 an
1281 1722 1444 1797 refutent,

222 1824 413 1911 complures
440 1824 528 1887 iuter
553 1846 590 1886 se
618 1822 796 1887 consulere
823 1820 937 1886 solent
960 1822 1151 1908 propinqui.
1204 1821 1306 1886 Pater
1330 1825 1443 1898 etiam,
1510 1891 1511 1910 χ

221 1926 318 2012 cujus
339 1924 498 1989 voluntas
520 1926 660 1988 maxime
682 1923 746 1990 bac
768 1925 802 1989 in
822 1946 858 1988 re
881 1924 989 2000 valet,
1018 1924 1155 2008 petitori
1175 1924 1444 2007 respondct³⁷):
1510 1913 1511 2006 l

220 2026 371 2091 Honoris
392 2026 524 2112 quidem
541 2026 620 2090 milii
636 2026 746 2090 habeo
762 2026 957 2111 petitionem
973 2033 1074 2100 tuam,
1096 2024 1158 2088 sed
1171 2033 1293 2101 metuo,
1311 2048 1354 2089 ne
1372 2028 1443 2091 dis-

222 2130 369 2192 sentiant
385 2127 440 2190 alii
455 2129 647 2213 propinqui.
667 2128 811 2213 ⁸Patrem
826 2128 961 2192 fratrem
977 2127 1132 2212 aliosque
1147 2128 1361 2214 propinquos
1378 2128 1445 2192 hac
1511 2095 1513 2184 i

222 2230 265 2295 de
284 2252 320 2294 re
341 2228 517 2294 consulere
540 2250 640 2315 saepe
661 2228 875 2311 refertur³⁸).
920 2227 1016 2307 Quae
1042 2228 1085 2293 de
1111 2229 1378 2314 desponsatione
1401 2252 1445 2293 ex
1511 2225 1512 2318 l

220 2332 470 2397 narrationibus
501 2332 747 2417 cognoscimus,
779 2331 868 2415 apud
900 2351 1015 2394 omnes
1045 2330 1291 2395 Scandinaviac
1321 2341 1444 2419 gentes

223 2435 320 2499 etiam
344 2433 476 2519 legibus
500 2434 629 2497 sancita
652 2444 735 2504 esse,
759 2432 976 2518 intelligimus
999 2432 1027 2495 si
1048 2433 1090 2497 ab
1112 2433 1346 2519 antiquissimo
1368 2435 1390 2498 i.
1415 2455 1444 2497 e.
1512 2481 1514 2510 ,

222 2535 392 2600 lslandico
417 2535 494 2619 jure
526 2535 682 2598 ordimur.
739 2532 842 2614 Quod
866 2535 980 2624 jubet,
1014 2535 1226 2620 propinquos
1255 2533 1380 2619 virgini
1409 2534 1445 2596 in
1512 2518 1514 2662 y

221 2636 485 2722 desponsatione
501 2637 705 2722 prospicere,
721 2645 824 2721 atquc
838 2634 923 2699 haec
938 2658 1019 2699 cura
1033 2636 1075 2699 ab
1092 2635 1166 2699 aliis
1182 2633 1307 2699 tutelae
1324 2658 1444 2699 mune·
1512 2665 1513 2688 ι

220 2740 314 2804 ribus
331 2737 482 2823 sejuncta
498 2747 645 2823 apparet.
676 2736 772 2801 Licet
785 2736 930 2802 facilitas
946 2738 1067 2824 virgini
1083 2738 1216 2802 adultae
1233 2736 1446 2801 coucedatur

223 2850 256 2906 et
272 2862 333 2905 sua
349 2849 382 2904 et
397 2839 505 2903 aliena
520 2834 611 2903 bona
631 2838 893 2913 administrandi,
914 2837 994 2903 licet
1008 2860 1129 2904 causas
1145 2861 1225 2903 suas
1240 2840 1446 2925 cuicumque

220 2942 303 3019 vult,
328 2941 457 3006 deferre
474 2941 592 3024 possit,
614 2949 759 3004 attamen
776 2941 810 3003 in
826 2941 1090 3025 desponsatione
1106 2941 1290 3004 auctoritas
1306 2950 1341 3004 ct
1356 2961 1444 3005 con-

221 3066 342 3109 sensus
358 3041 501 3108 familiae
517 3041 547 3105 ei
563 3064 649 3127 opus
666 3050 726 3110 est.
764 3044 875 3129 Atque
891 3042 1154 3127 desponsatores
1170 3043 1204 3105 iu
1218 3040 1348 3128 Gragais
1358 3064 1446 3127 pro-

221 3146 417 3229 duntur³⁹),
434 3153 538 3230 pater,
560 3144 664 3209 frater
679 3166 720 3209 ex
736 3152 841 3231 patre,
861 3152 975 3219 mater,
996 3166 1095 3208 soror
1110 3167 1151 3208 ex
1168 3153 1262 3229 patre
1276 3146 1310 3207 in
1327 3147 1446 3209 matri·

220 3249 333 3313 monio
346 3248 524 3323 collocata,
541 3245 644 3311 frater
657 3268 698 3310 ex
710 3255 823 3327 matre,
840 3267 938 3309 soror
949 3268 991 3309 ex
1002 3255 1105 3309 matre
1116 3246 1242 3319 marita,
1258 3245 1347 3310 filius
1359 3269 1447 3333 spu-

222 3352 302 3427 rius,
315 3349 384 3413 filia
397 3348 520 3433 spuria,
532 3347 635 3413 frater
647 3348 783 3433 spurius
796 3348 824 3411 si
837 3346 970 3434 quidem
983 3370 1024 3411 ex
1036 3355 1131 3434 patre
1143 3356 1204 3423 est,
1217 3368 1316 3411 soror
1327 3350 1450 3433 spuria

221 3474 263 3517 ex
278 3459 373 3535 patre
383 3450 510 3526 marita,
527 3450 693 3537 iidemque
708 3450 829 3515 fratres
845 3458 878 3513 et
893 3469 1028 3513 sorores
1044 3472 1085 3513 ex
1100 3456 1213 3525 matre,
1229 3472 1313 3514 avus
1328 3459 1450 3535 pater·

220 3574 286 3617 nus
302 3561 336 3615 et
352 3557 531 3627 maternus,
552 3558 692 3637 patruus
708 3560 742 3615 ct
757 3549 956 3626 avunculus,
976 3550 1138 3635 patruelis
1154 3559 1188 3615 et
1203 3551 1448 3630 consobrinus,

222 3654 408 3737 eodemque
421 3651 539 3715 ordine
554 3654 768 3740 propinquae
783 3653 935 3727 feminae,
951 3652 979 3715 si
991 3673 1115 3717 uxores
1128 3660 1216 3728 sunt,
1233 3652 1334 3717 ceteri
1346 3652 1448 3717 deni·

221 3776 287 3843 que
304 3752 485 3839 propinqui
503 3773 564 3835 pro
580 3754 843 3839 propinquitatis
865 3752 982 3839 gradu,
1004 3754 1091 3818 inter
1112 3776 1199 3841 quos
1222 3755 1285 3818 viri
1305 3754 1446 3820 feminis

221 3854 419 3942 procedunt.
462 3851 616 3917 Feminae
632 3854 749 3917 marito
766 3864 918 3919 carentes
935 3854 1169 3941 despondcndi
1183 3855 1344 3920 facultate
1360 3867 1448 3922 sunt

220 3959 380 4045 privatae,
397 3976 499 4043 quum
511 3976 573 4039 pro
587 3955 748 4019 uxoribus
760 3954 828 4020 hoc
837 3957 915 4044 jure
926 3965 1064 4023 utantur
1074 3958 1192 4022 mariti.
1227 3962 1338 4043 Atque
1353 3957 1447 4023 inter

218 4114 421 4125 ----—-

274 4176 317 4237 ’ἢ
335 4174 402 4226 iasa.
416 4190 438 4225 a
453 4162 494 4225 10'.

274 4258 317 4322 Μ)
334 4259 401 4310 Ibid.
415 4274 437 4311 c.
452 4263 493 4309 11.

273 4343 316 4408 ⁸⁶)
335 4344 408 4395 Nials
422 4344 491 4411 Saga
504 4359 526 4396 c.
541 4346 564 4396 2.

271 4427 316 4491 ⁸⁷)
336 4430 405 4495 viga
416 4430 509 4481 Glums
522 4428 592 4493 Saga
604 4441 625 4477 c.
639 4429 663 4476 4.

272 4514 316 4577 ⁸⁸)
335 4515 402 4581 Viga
414 4515 507 4565 Glums
521 4513 590 4579 Saga
602 4526 623 4562 o.
636 4512 667 4573 4;
685 4509 760 4561 Nials
773 4509 843 4575 Saga
854 4523 876 4560 c.
890 4522 912 4559 c.
928 4510 968 4570 18,
981 4512 1022 4573 2⁷,
1035 4512 1076 4575 83,
1089 4514 1131 4562 98.

273 4597 316 4668 ⁸⁹)
337 4600 416 4670 Grag.
429 4600 500 4651 Fest.
512 4603 539 4668 p.
554 4601 566 4646 1
581 4612 603 4650 c.
616 4596 658 4661 (L,
670 4598 740 4660 305).
763 4594 881 4647 Jtmsid.
893 4595 1099 4665 Kreunsgiptr’g.
1112 4612 1135 4650 c.
1149 4600 1190 4646 24.
