3059 4967
835 406 875 473 12

310 608 411 692 Quod
425 609 485 697 jus
506 607 678 697 quomodo
700 610 867 674 diversum
883 632 902 674 a
912 610 990 697 jure
1005 608 1174 675 Islandieo
1197 608 1346 677 ordinem
1370 611 1465 676 insti·
1508 547 1510 690 l

245 717 368 796 tuat⁴)‚
391 735 502 799 neque
522 734 542 776 a
560 713 653 799 juris·
678 712 850 797 principiis
876 711 997 775 deduci
1027 720 1141 797 potest
1166 735 1276 798 neque
1297 714 1331 776 in
1357 715 1466 778 tutela
1508 711 1509 778 ξ

245 815 420 881 tractanda
441 814 568 900 aliquid
590 813 688 879 valet,
734 813 801 877 Sed
818 814 858 877 ad
876 835 987 877 curam
1008 815 1144 900 gerendi
1160 816 1309 879 rationes
1326 838 1466 880 accura·
1508 823 1509 834 ¹

245 918 312 981 tius
328 917 584 1003 cognoscendas
600 915 749 1002 adjuvat,
766 915 861 1000 quod
877 915 1033 991 cernitur,
1050 916 1206 979 omnibus
1222 917 1339 981 eodem
1356 918 1467 1004 gradu

245 1019 448 1105 propinquis
470 1017 568 1083 simul
589 1016 908 1081 administrationem
931 1016 1082 1091 concedi,
1107 1018 1155 1080 ita
1175 1024 1214 1080 ut
1229 1039 1291 1082 suo
1313 1019 1467 1103 ipsorum

246 1121 384 1185 arbitrio
405 1129 463 1187 aut
484 1119 656 1206 conjuncti
684 1127 786 1201 agant
811 1128 870 1183 aut
891 1127 1076 1182 curatorem
1099 1141 1298 1206 quemquam
1319 1122 1411 1185 inter
1430 1145 1467 1185 se

247 1222 422 1309 eligant5).
466 1220 586 1308 Neque
606 1219 691 1285 enim
711 1219 844 1305 legibus
866 1222 1029 1283 sancitum
1050 1229 1116 1294 est,
1141 1221 1217 1305 quis
1239 1222 1325 1285 inter
1344 1222 1469 1287 eodem

248 1322 356 1411 gradu
379 1322 509 1409 pupillo
541 1322 754 1407 propinquos
774 1322 862 1385 alter
890 1321 985 1386 alteri
1013 1319 1234 1407 praeferatur,
1268 1345 1329 1387 nec
1355 1326 1469 1411 major

248 1436 351 1498 aetas,
377 1447 444 1511 qua
466 1424 629 1488 similibus
636 1424 679 1515 jn
696 1424 807 1487 causis
827 1424 1036 1508 principatus
1057 1424 1264 1499 conceditur,
1286 1424 1351 1489 hac
1370 1426 1410 1489 in
1432 1450 1469 1491 re

248 1525 376 1612 aliquid
390 1526 490 1590 valet.
529 1523 569 1587 Ei
586 1524 661 1594 soli.
678 1524 737 1609 qui
753 1525 924 1611 antiquius
940 1525 1043 1588 habet
1057 1524 1179 1608 pupilli
1196 1526 1346 1600 salutem,
1362 1550 1470 1614 quam

249 1628 359 1703 ceteri,
385 1626 592 1713 principatus
613 1626 811 1711 praebetur,
832 1648 933 1712 quum
957 1648 1080 1701 eornm,
1105 1626 1163 1711 qui
1183 1629 1270 1692 inter
1290 1651 1326 1693 se
1348 1651 1471 1695 omnes

252 1729 380 1805 eodem,
395 1729 454 1793 sed
467 1727 637 1793 remotiori
654 1727 759 1814 gradu
776 1749 875 1813 quam
891 1729 1011 1792 fratres
1026 1727 1158 1813 pupillo
1175 1737 1255 1793 sunt
1269 1732 1470 1819 propinqui,

248 1832 334 1897 alter
356 1832 451 1895 alteri
474 1832 565 1894 bona
588 1830 719 1894 auferre
742 1830 862 1914 possit,
886 1831 915 1894 si
937 1830 1091 1893 meliores
1115 1830 1276 1896 obtulerit
1298 1834 1471 1899 conditio·

246 1938 351 2013 nes⁶).
398 1932 522 1997 Omnes
543 1933 646 2019 igitur
663 1930 807 1995 heredes
829 1933 980 2017 proximi,
1002 1952 1145 2016 quorum
1160 1934 1309 2019 ipsorum
1324 1937 1472 2001 maxime

246 2038 395 2112 interest,
410 2034 549 2099 utbona
561 2041 745 2107 serventur,
764 2055 866 2119 quum
883 2033 980 2097 simul
992 2032 1035 2097 ad
1053 2055 1165 2097 curam
1183 2044 1348 2101 vocantur
1363 2045 1472 2124 atque

248 2138 421 2225 conjuncti
436 2144 538 2222 agant
553 2144 611 2200 aut
625 2135 783 2199 idoneum
800 2157 1000 2223 quemquam
1017 2145 1205 2201 curatorem
1222 2138 1356 2224 eligant,
1372 2162 1470 2203 com·

247 2240 338 2303 muni
360 2237 473 2303 studio
497 2246 531 2302 et
553 2258 656 2323 opera
677 2237 809 2321 pupillo
836 2238 1030 2323 prospicere
1051 2238 1216 2303 videntur.
1268 2238 1470 2307 Cautionem

249 2342 360 2429 igitur,
376 2363 418 2405 ne
434 2340 524 2433 bona
540 2339 784 2414 deminuuntur,
808 2338 938 2423 pupillo
955 2339 1105 2423 praeberi
1122 2362 1190 2403 non
1207 2363 1345 2406 necesse
1360 2342 1468 2408 habe·
1512 2369 1513 2384 ¹

248 2451 318 2518 tur,
348 2464 459 2529 neque
482 2443 526 2516 is,
558 2441 615 2527 qui
640 2439 840 2525 propinquis
864 2441 1154 2505 consentientibus
1177 2442 1267 2505 bona
1292 2443 1471 2509 aestimata

250 2546 400 2630 suscepit
414 2542 573 2617 curanda,
595 2541 823 2629 hypothecam
845 2542 1012 2629 quandam
1035 2557 1216 2628 praestare,
1239 2566 1280 2609 ne
1296 2546 1469 2630 quantita·

250 2657 314 2711 tem
332 2646 466 2734 quidem
482 2652 605 2710 certam
620 2643 818 2741 facultatum
834 2646 1010 2729 possidere
1025 2645 1134 2709 debet.

313 2749 386 2814 Hac
416 2748 457 2812 de
487 2747 653 2810 bonorum
688 2767 769 2809 cura
804 2746 1020 2831 suscipienda
1050 2768 1137 2831 quae
1172 2754 1300 2811 mutata
1335 2748 1471 2833 profert
1513 2751 1514 2830 l

248 2852 416 2917 recentius
427 2850 495 2937 jus,
520 2871 562 2912 ex
576 2847 617 2911 iia
633 2846 731 2910 facile
747 2847 907 2932 explicari
929 2857 1084 2933 possunt,
1109 2870 1195 2936 quae
1217 2848 1308 2912 <licta
1328 2857 1410 2911 sunt
1427 2850 1470 2914 de

247 2953 446 3018 familiarum
458 2958 559 3037 atque
572 2950 679 3013 omnis
695 2949 821 3013 tutelae
836 2960 957 3013 natura
972 2951 1153 3035 posteriori
1167 2959 1317 3035 tempore
1329 2960 1470 3015 mutata.

142 3106 146 3117 .
248 3054 333 3119 Nam
357 3075 460 3140 quum
483 3073 522 3116 ea
543 3052 578 3116 id
601 3050 753 3115 effectum
778 3072 852 3115 esse
875 3072 977 3135 supra
1001 3050 1247 3135 protulerimus,
1269 3059 1309 3114 ut
1329 3052 1419 3117 sicut
1435 3055 1471 3117 in

249 3156 322 3221 aliis
359 3153 661 3239 consanguinitatis
700 3150 963 3239 obligationibus
1000 3153 1175 3238 explendis
1211 3153 1257 3217 ita
1293 3153 1327 3215 in
1359 3155 1472 3219 tutela

251 3278 389 3345 quoqne
409 3255 556 3343 gerenda
575 3252 701 3317 familia
722 3251 798 3336 ipsa
818 3252 992 3337 paullatim
1013 3255 1121 3319 minus
1144 3261 1265 3341 ageret,
1288 3262 1391 3340 atque
1412 3279 1470 3321 res

251 3359 385 3444 publica
405 3357 511 3443 magis
532 3356 706 3441 magisque
727 3353 815 3417 hanc
835 3376 903 3418 rem
921 3365 1061 3431 curaret,
1084 3356 1142 3420 illa
1163 3364 1278 3419 nostra
1299 3359 1472 3421 sententia

249 3460 291 3523 iis
308 3480 445 3546 quoque
464 3456 596 3543 legibus
618 3457 791 3541 probatur,
815 3478 901 3543 quae
922 3458 1103 3541 posteriori
1122 3466 1272 3542 tempore
1287 3456 1472 3524 valuerunt

251 3562 292 3625 de
307 3559 511 3646 pupillorum
528 3559 626 3623 bonis
643 3558 684 3623 ad
702 3558 884 3624 curandum
901 3558 1135 3644 suscipiendis.
1160 3558 1259 3644 Apud
1270 3558 1470 3647 Sneogotos

250 3664 336 3727 enirn
363 3668 396 3725 et
419 3659 568 3723 Danicos
598 3659 781 3746 propinqui
807 3660 872 3724 hac
898 3661 932 3725 in
958 3684 994 3726 re
1019 3684 1129 3748 neque
1159 3661 1332 3747 conjuncti
1361 3671 1471 3749 agunt

234 3784 361 3850 ‚neque
381 3763 529 3847 ipsorum
552 3783 752 3848 quemquam
779 3760 937 3827 idoneum
959 3763 1086 3849 eligunt
1114 3771 1316 3840 curatorem,
1346 3765 1409 3830 sed
1431 3776 1471 3830 ut

250 3889 338 3932 unns
364 3886 496 3950 semper
522 3885 635 3927 eorum
662 3873 699 3955 et
720 3864 748 3927 is
775 3864 925 3951 quidem,
958 3866 1016 3951 qui
1042 3864 1172 3951 pupillo
1195 3866 1239 3929 sit
1261 3866 1469 3952 aptissimus

249 4056 451 4068 ........---

303 4170 330 4238 4)
349 4170 425 4224 Ana.
438 4171 479 4223 ol.
493 4172 523 4223 L.
538 4174 586 4223 10³
600 4188 655 4237 sqq.
669 4169 699 4238 (Ι.
709 4188 733 4237 p.
744 4173 778 4221 48
787 4168 869 4237 aqq.);
887 4170 964 4224 Aeld.
977 4173 1018 4222 Fr.
1032 4173 1062 4224 L.
1072 4172 1144 4223 VlIl.
1160 4176 1171 4222 1
1184 4189 1232 4238 sqq
1254 4169 1285 4240 (l.
1298 4190 1324 4239 p.
1335 4177 1385 4225 204
1399 4173 1469 4240 sqq.)

250 4259 300 4324 Ny.
313 4258 401 4310 Lenda
413 4258 443 4310 L.
457 4256 498 4318 V,
513 4260 524 4306 1
539 4272 596 4321 aqq.
609 4254 664 4322 (11,
677 4259 709 4306 87
723 4256 802 4322 sqq).
1111 4255 1116 4261 “

304 4343 329 4407 ⁵)
349 4343 429 4409 areg,
441 4342 496 4395 Arf.
510 4346 536 4408 p.
549 4343 564 4393 9
578 4356 600 4395 c.
619 4341 650 4407 (Ι.
663 4358 687 4407 p.
700 4358 725 4407 p.
740 4344 797 4405 192,
811 4338 871 4404 193)
889 4368 920 4379 -
939 4347 975 4408 pa
986 4343 1059 4393 scolo
1071 4335 1129 4410 pair
1141 4359 1218 4393 menn
1229 4344 1368 4409 ratpreita
1383 4345 1411 4394 fe
1424 4350 1470 4410 pat

251 4455 280 4467 -·
296 4430 354 4496 peir
365 4444 443 4478 menn
455 4426 527 4478 aeolo
540 4426 594 4477 lata
606 4428 681 4494 virpa
692 4430 731 4490 fe3
750 4429 783 4480 cf.
798 4426 878 4492 Grtg.
890 4427 975 4494 vigel.
988 4430 1021 4479 65
1032 4443 1054 4481 c.
1068 4426 1122 4493 (11,
1137 4429 1206 4493 107).
1236 4426 1312 4480 Aeld.
1326 4428 1369 4481 el.
1381 4428 1413 4480 L.
1427 4430 1468 4481 51.

251 4513 282 4580 (I.
296 4510 428 4668 llllllrbtg.
442 4595 495 4647 Ars.
509 4600 534 4667 p.
549 4586 608 4662 e'e,
623 4599 654 4647 10
667 4610 690 4649 e.
709 4592 741 4661 (I.
753 4611 779 4665 p.
794 4596 842 4645 196
854 4592 923 4666 sqq.)
