3059 4967
586 380 623 445 31

11 585 67 641 tate
88 586 138 643 est
160 578 304 663 privata,
329 580 454 666 quippe
477 597 573 665 quae,
597 569 776 666 quominus
800 582 1025 647 testimonium
1048 584 1107 648 det
1121 585 1217 671 juret

11 680 126 763 probet,
158 701 229 743 non
260 682 544 766 prohibetur10).-
572 684 622 747 Ea
652 696 772 764 autern,
803 704 892 768 qnae
919 684 952 746 in
976 684 1107 770 judicio
1135 696 1216 750 sunt
1324 745 1329 753 .

10 781 128 866 agenda
143 791 204 847 aut
220 803 240 846 a
256 792 365 847 tutore
382 792 439 847 aut
455 786 623 871 avirgine,
641 807 741 869 quum
757 807 817 870 pro
836 787 1076 872 cujuscumque
1092 808 1214 852 causae
1318 837 1320 840 .

10 892 117 947 natura
138 892 176 949 et
195 884 384 949 rationibus
406 886 539 950 diversa
555 887 814 961 constituantur,
839 886 974 950 tutelam
992 889 1096 973 ipsam
1116 910 1215 973 quarn

10 992 182 1050 tractamus
198 988 463 1073 nonattinguut.
508 987 603 1053 Sicut
619 998 720 1064 tutor,
737 1010 824 1072 quae
839 989 966 1055 mulieri
983 989 1157 1072 debentur,
1181 990 1215 1052 in

10 1084 89 1148 illius
112 1087 325 1151 commodum
349 1090 469 1171 poscit,
492 1090 538 1153 ita
562 1089 782 1174 petitionibus
803 1090 837 1152 in
854 1090 991 1176 virginis
1007 1089 1107 1165 bona,
1131 1110 1216 1173 quas

10 1187 162 1270 repellere
192 1188 317 1272 nequit,
349 1188 543 1255 satisfacere
569 1191 679 1265 debet,
710 1191 771 1254 sed
797 1192 931 1256 nonnisi
955 1214 973 1256 e
996 1191 1214 1255 facultatibus
1277 1194 1279 1199 ’

11 1285 139 1352 feminae
153 1289 273 1373 ipsius,
281 1287 376 1373 qirae,
385 1291 413 1352 si
426 1290 591 1356 solvendo
606 1314 673 1356 non
683 1292 899 1356 estereditori
912 1292 1091 1357 addicitur¹
1105 1295 1142 1374 ¹),
1152 1312 1219 1376 qua

13 1388 40 1449 in
60 1391 276 1455 exsecutione
292 1392 378 1454 inter
393 1392 499 1456 virum
516 1404 550 1459 et
569 1414 707 1458 uxorem
724 1392 851 1457 nullum
870 1394 1016 1457 cernitur
1030 1392 1217 1465 discrimen.

12 1487 44 1551 ld
64 1499 172 1555 autern
196 1490 263 1555 hoc
285 1512 423 1577 quoque
437 1494 472 1557 in
488 1496 602 1559 tuendi
620 1516 755 1558 munere
772 1495 916 1579 perspici
933 1495 1021 1568 licet,
1045 1493 1091 1557 rei
1108 1492 1218 1577 publi·

14 1610 63 1653 cae
89 1600 294 1676 potestatem
324 1594 430 1681 magis
459 1596 631 1683 magisque
661 1594 818 1680 supplere
841 1595 986 1659 familiae
1016 1595 1218 1681 praesidinm

13 1692 163 1773 paulatim
181 1694 388 1760 deminutum
400 1697 459 1779 ¹²).

68 1894 96 1962 2.
120 1895 232 1976 Quum
250 1921 290 1962 ex
306 1900 504 1966 familiarum
521 1906 639 1963 natura
654 1898 820 1963 bonorum
837 1897 975 1985 virginis
995 1916 1118 1972 curam,
1135 1916 1220 1982 qua·

12 1993 48 2057 lis
62 1995 163 2062 fuerit
178 2000 410 2086 antiquissimo
427 2011 587 2086 tempore,
604 2000 878 2086 cognoverimus,
894 2020 936 2062 ex
959 1998 1073 2061 eadem
1095 1996 1218 2061 intelli·
1293 1995 1296 2000 ’

13 2100 149 2181 gendum
162 2100 304 2177 videtur,
318 2124 385 2189 qua
397 2101 503 2167 tutela
514 2101 631 2166 mulier
642 2102 684 2165 ab
700 2102 830 2187 injuriis
843 2109 876 2163 et
888 2098 1096 2163 laesionibus
1105 2097 1221 2162 defen·

14 2198 115 2265 datur.
159 2201 257 2268 Siout
276 2206 361 2267 enim
378 2228 420 2269 ex
435 2203 636 2289 propinquis
664 2202 736 2276 ille,
759 2201 812 2265 cui
833 2203 930 2288 virgo
952 2221 1073 2265 causas
1090 2198 1221 2274 detulit,

13 2321 69 2382 pro
85 2301 186 2367 bonis
202 2305 280 2390 agit,
295 2307 343 2370 ita
359 2326 474 2371 omnes
487 2305 531 2369 ad
546 2325 673 2390 poenas
690 2324 750 2389 pro
764 2304 956 2390 propinqua
970 2302 1062 2367 laesa
1078 2322 1222 2386 poscen-

14 2401 68 2467 das
84 2412 164 2469 sunt
179 2406 296 2491 parati.
343 2408 461 2472 Certus
477 2406 657 2493 quisquam
677 2405 780 2491 igitur
797 2399 911 2469 eorum
932 2423 1041 2488 neque
1062 2403 1104 2489 ad
1120 2425 1221 2489 agen·

13 2503 84 2567 dum
99 2507 176 2593 lege
192 2505 361 2593 obligatus
377 2516 526 2594 apparet,
550 2528 659 2593 neque
682 2528 744 2571 suo
755 2507 835 2592 jure
850 2526 971 2571 causas
986 2504 1052 2569 sibi
1067 2503 1219 2570 deferen-

13 2603 213 2694 desposcit,
237 2609 297 2673 sed
321 2610 427 2697 virgo,
451 2617 631 2695 postquam
654 2607 752 2672 simul
774 2628 847 2672 cum
870 2606 988 2691 majori
1010 2614 1119 2669 aetate
1134 2603 1222 2670 arbi·

9 2708 102 2771 trium
120 2709 291 2795 quoddam
312 2719 365 2776 est
385 2719 663 2796 assequuta,'sua
678 2709 853 2774 voluntate
875 2708 1083 2792 aptissimum
1105 2703 1169 2768 hac
1189 2706 1223 2769 in

10 2830 41 2871 re
56 2817 244 2875 curatorem
261 2810 354 2899 eligit
367 2817 427 2892 13).
454 2812 565 2897 Atque
577 2810 818 2887 defensionem,
834 2831 936 2896 quum
950 2816 1092 2893 quaerat
1107 2806 1226 2870 mulier

9 2908 39 2971 in
53 2909 189 2986 familia,
207 2933 337 2997 semper
352 2913 382 2976 ei
397 2914 559 2998 praeberi,
576 2934 674 2977 exeo
691 2913 832 2977 maxime
847 2912 1006 2987 cernitur,
1029 2908 1123 2995 quod
1144 2928 1223 2992 pro·
1263 2989 1268 3000 Ι

11 3012 124 3097 pinqui
148 3012 225 3076 illas
246 3035 300 3078 res
330 3014 479 3100 agendas
501 3021 770 3103 tamquamsuas
791 3013 927 3089 habent,
955 3012 1003 3075 ita
1023 3019 1062 3075 ut
1083 3012 1112 3074 si
1131 3009 1224 3073 laesa

11 3111 136 3177 ultione
152 3114 277 3179 omissa
293 3138 367 3180 cum
382 3116 516 3180 inimico
538 3115 720 3201 transigere
742 3113 816 3177 vult
831 3113 973 3199 proximi
994 3111 1136 3176 heredes
1158 3132 1221 3175 suo

4 3212 77 3298 jure
93 3236 224 3300 poenas
246 3220 461 3301 poscant¹⁴).
506 3216 698 3282 Recentiori
718 3225 827 3280 autern
844 3216 922 3302 jure
938 3215 966 3278 si
986 3214 1129 3279 vidimus
1150 3234 1223 3276 eum

10 3336 140 3401 semper
160 3318 439 3405 propinquorum,
463 3319 521 3405 qui
544 3317 699 3382 omnibus
720 3318 755 3381 in
775 3317 876 3381 rebus
893 3316 1013 3402 virgini
1030 3313 1224 3400 prospiciat,

10 3437 70 3480 suo
81 3419 161 3504 jure
177 3440 309 3507 suoque
331 3421 474 3494 nomine,
496 3428 535 3485 nt
554 3420 722 3485 laesiones
742 3419 833 3483 illius
854 3418 1076 3491 vindicentur,
1099 3438 1225 3493 curare,

11 3541 132 3585 causas
147 3523 391 3588 meminerimus
404 3544 545 3587 necesse
561 3528 623 3598 est,
640 3521 764 3606 quibus
783 3520 893 3584 omnia
908 3519 1025 3584 tuendi
1038 3540 1175 3584 munera
1192 3526 1226 3583 et

64 3779 106 3846 ¹⁰)
125 3778 201 3831 Aeld.
220 3778 262 3831 sl.
281 3778 311 3830 L.
334 3781 366 3828 28
384 3776 414 3844 (Ι,
429 3774 486 3843 17);
511 3776 586 3830 Aeld.
604 3777 646 3828 Fr.
659 3777 687 3829 L.
713 3778 745 3826 28
763 3773 794 3842 (Ι,
814 3773 874 3843 215)
892 3775 942 3843 Og.
956 3776 986 3826 L.
1007 3774 1104 3827 Raefst.
1127 3776 1157 3825 B.
1173 3775 1227 3825 XII

9 3863 52 3930 (ΙΙ,
67 3862 142 3931 175);
154 3865 222 3915 Wm.
236 3864 266 3914 L.
279 3864 356 3929 Gipn.
369 3863 395 3915 b.
407 3862 459 3920 XII
473 3861 514 3929 (V,
527 3859 579 3928 61).

63 3947 106 4013 ¹¹)
125 3949 205 4016 Grdg.
218 3950 288 4001 Feat.
301 3954 328 4017 p.
342 3950 402 4001 250.
416 3948 446 4017 (l,
457 3945 600 4015 sam-Et
609 3945 674 4013 legit
686 3962 714 3996 cr
722 3949 782 4012 mep
792 3943 945 4012 ltgscnldar
953 3944 1082 4005 kero—5
1094 3941 1169 3993 Aeld.
1183 3942 1225 3999 (ΙΙ.

7 4034 36 4085 n.
52 4038 83 4083 rr
100 4031 131 4100 (1,
144 4030 195 4101 as).

63 4116 106 4186 ¹²)
126 4118 165 4170 Cf.
178 4134 195 4169 n
217 4120 302 4184 beqq.

63 4201 106 4271 ¹⁸)
127 4200 206 4270 arag.
219 4203 303 4271 Vigsl.
317 4205 350 4254 66
363 4218 385 4255 c.
399 4200 443 4268 (11,
457 4198 516 4268 108)
528 4198 624 4251 Eclrior
635 4214 665 4248 os
678 4196 780 4262 meyiar
791 4194 908 4263 tritogar
920 4210 953 4247 oo
965 4195 1025 4247 ellri
1038 4196 1097 4265 eigo
1109 4196 1188 4248 salsas
1199 4204 1227 4248 at

9 4291 83 4355 aelia,
103 4291 133 4341 ef
146 4289 230 4355 laupit
246 4305 275 4340 er
291 4288 322 4340 til
338 4289 426 4355 peina
438 4302 471 4338 oc
483 4302 531 4337 sva
548 4302 593 4337 um
612 4284 681 4334 sarin
695 4282 784 4339 minui,
797 4283 825 4332 el
838 4287 904 4348 paer
914 4283 976 4333 tclra
986 4278 1096 4334 fullretti
1108 4287 1157 4350 apr
1167 4282 1228 4334 boa

10 4391 40 4426 oo
51 4391 102 4426 sva
114 4380 142 4424 at
154 4381 251 4425 caenas
263 4390 291 4435 a3
305 4372 381 4426 Aeld.
395 4373 437 4425 Gl.
450 4370 478 4422 L.
495 4374 543 4422 190
556 4368 586 4437 (l,
600 4364 656 4433 69);
670 4366 744 4422 Aeld.
755 4368 798 4418 Fr.
811 4367 841 4418 L.
855 4368 888 4430 X,
900 4370 933 4418 67
946 4365 978 4434 (l,
990 4364 1058 4431 226).

65 4459 108 4527 ¹⁴)
127 4460 206 4527 arag.
218 4459 302 4527 vigel.
316 4461 349 4510 66
362 4474 384 4511 e.
398 4456 442 4525 (ll,
457 4455 515 4524 109)
527 4456 611 4505 —En
623 4454 652 4503 ef
666 4457 730 4518 paee
745 4448 807 4501 take
819 4452 872 4517 cigi
888 4452 998 4501 t'ullretti
1009 4457 1058 4518 epr
1074 4449 1162 4503 hallda
1174 4450 1227 4516 eigi

10 4548 39 4598 til
49 4546 197 4613 fullnapar,
205 4551 241 4613 pa
252 4547 313 4612 aiga
324 4541 484 4611 ltgrapendr
495 4542 583 4608 peirra
594 4553 626 4591 oo
638 4552 686 4587 sva
697 4552 743 4589 nm
754 4537 782 4587 in
794 4536 871 4586 moiri
881 4552 932 4590 aar.
