3059 4967
252 599 444 687 gentissime
469 598 635 684 repulisse
666 604 700 663 et
731 619 795 683 pro
820 599 863 662 iis
888 607 1057 683 tamquam
1084 621 1146 683 pro
1177 598 1248 664 suis
1276 598 1466 685 injudicio

253 702 377 787 egisse;
401 708 503 786 atque
526 721 634 775 exeo,
658 698 750 784 quod
767 700 859 785 leges
874 698 1006 763 feminis
1022 721 1144 764 causas
1159 721 1240 763 suas
1255 702 1468 787 propinquo-

252 825 322 865 rum
342 803 394 865 cui
407 802 511 865 velint
523 800 721 866 demandare
735 802 939 884 permittunt,
957 803 1119 885 cognosci
1132 801 1220 876 licet,
1237 804 1377 865 omnino
1394 802 1469 865 illo-

253 926 324 967 rum
342 925 508 988 quemque
525 902 572 965 eis
588 902 713 965 talibus
729 902 946 987 inangustiis
966 902 1092 965 auxilio
1115 903 1244 967 adesse.
1275 902 1371 981 Quas
1382 904 1470 989 juris

253 1003 474 1091 antiquissimi
497 1003 726 1067 institutiones
743 1005 804 1090 jus
833 1003 1000 1068 recentius
1024 1003 1174 1088 proferre
1200 1004 1305 1067 multo
1327 1004 1415 1067 alias
1439 1015 1471 1067 et

253 1113 398 1168 mutatas
414 1104 512 1169 facile
528 1106 705 1191 intelliges.
751 1104 965 1189 Numquam,
991 1105 1079 1169 sicut
1095 1120 1211 1169 omnes
1228 1107 1470 1192 consanguini-

254 1207 332 1269 tatis
349 1206 573 1292 obligationes
589 1214 623 1271 et
631 1206 719 1291 jura,
736 1206 783 1270 ita
797 1206 977 1290 praecipue
994 1206 1204 1288 praesidium,
1221 1206 1315 1293 quod
1328 1208 1471 1291 propin·

255 1308 313 1392 qui
329 1308 393 1371 sibi
410 1308 551 1371 invicem
568 1306 646 1369 olim
658 1307 875 1391 praebebant,
892 1314 1013 1389 postea
1026 1307 1130 1371 multo
1146 1307 1249 1371 rnodo
1262 1308 1470 1371 deminutum

201 1440 202 1449 Ι
254 1417 314 1472 aut
328 1408 496 1473 sublatum
517 1430 592 1473 esse
614 1411 799 1490 constet7),
821 1408 985 1493 consequi
1000 1408 1143 1484 videtur,
1166 1408 1305 1473 feminas
1328 1431 1471 1495 quoque

255 1510 433 1594 posteriori
455 1518 606 1593 tempore
627 1510 670 1573 ad
692 1510 782 1573 bona
801 1509 966 1573 servanda
987 1509 1256 1573 etdefendenda
1277 1511 1311 1573 in
1340 1509 1473 1573 familia

253 1632 324 1674 non
340 1612 422 1673 satis
435 1610 645 1695 praesidium,
656 1611 743 1675 inter
758 1611 971 1697 propinquos
986 1611 1094 1675 rarius
1111 1622 1297 1676 curatorem
1311 1610 1356 1673 ad
1368 1633 1470 1697 agen·

254 1712 332 1776 dum
348 1711 381 1774 in
397 1712 521 1776 iudicio
538 1722 687 1797 paratum
705 1712 882 1775 invenisse.
915 1714 1026 1798 Atque
1047 1734 1150 1798 quum
1172 1711 1237 1775 hac
1252 1733 1361 1775 rerum
1379 1734 1471 1775 com·

253 1813 438 1878 mutatione
452 1812 489 1877 id
504 1812 657 1879 effectum
673 1834 748 1877 esse
764 1814 1037 1897 cognoverimus,
1048 1824 1097 1892 ¹ut
1119 1807 1297 1896 posteriori
1319 1822 1474 1897 tempore

159 1951 161 1953 ·
255 1914 387 1998 legibus
410 1914 549 1978 maxime
565 1922 747 1987 curaretur,
770 1935 813 1977 ne
829 1914 992 2001 sanguine
1009 1914 1206 1999 junctorum
1223 1913 1308 1977 alter
1329 1912 1471 1989 alterum

255 2014 513 2101 derelinqueret,
531 2015 716 2101 virginibus
739 2035 877 2100 quoque
897 2014 1189 2079 adultis‘tutorem
1211 2014 1390 2100 quendam,
1413 2016 1471 2100 qui

218 2122 220 2130 ⁴
255 2115 299 2180 ad
312 2116 476 2202 agendum
489 2138 598 2181 eoram
606 2117 723 2201 judice
734 2116 807 2202 lege
820 2115 990 2201 obligatus
1002 2125 1102 2191 esset,
1115 2116 1319 2179 constituere
1331 2137 1472 2179 necesse

257 2226 328 2283 erat
338 2220 376 2301 ⁸).
422 2216 528 2296 Quem
551 2225 696 2283 tutorem
707 2212 709 2214 ’
719 2238 823 2303 quum
838 2216 931 2303 leges
952 2217 1042 2281 sicut
1056 2217 1195 2302 pupillis
1211 2217 1258 2279 ita
1274 2225 1308 2280 et
1321 2215 1470 2280 mulieri·

255 2319 320 2383 bus
350 2318 455 2405 magis
483 2319 656 2405 magisque
684 2318 863 2405 diligenter
893 2318 1139 2404 prospicientes
1168 2339 1300 2381 omnem
1329 2319 1471 2405 virginis

167 2491 169 2493 ,
256 2420 398 2485 salutern
410 2419 614 2484 incolumem
630 2440 763 2485 servare
779 2405 893 2495 velint,
909 2429 948 2485 ut
958 2442 979 2483 a
993 2419 1093 2484 bonis
1104 2441 1242 2506 quoque
1256 2418 1348 2483 illius
1363 2440 1463 2482 omne

256 2522 411 2611 damnum
431 2520 575 2606 repellat
596 2528 630 2585 et
651 2520 694 2585 de
715 2520 854 2607 integris
875 2520 916 2585 iis
938 2520 1114 2585 servandis
1135 2521 1283 2585 rationes
1303 2520 1436 2595 reddat,
1453 2542 1473 2583 a

256 2631 410 2687 curatore
426 2630 582 2706 poscunt.
628 2621 704 2701 Quo
721 2643 857 2686 munere
871 2622 949 2707 ipso
973 2622 1166 2687 continetur
1186 2623 1308 2686 tutoris
1323 2620 1358 2685 in
1381 2622 1473 2684 bona

257 2732 419 2810 potestas,
436 2744 504 2809 qua
518 2724 614 2811 virgo
626 2724 737 2809 ,ipsius
754 2726 788 2789 in
803 2724 895 2787 bona
910 2724 1059 2789 curanda
1081 2724 1188 2788 libero
1204 2721 1343 2788 arbitrio
1358 2723 1471 2807 priva-

255 2835 319 2891 tur.
363 2818 541 2889 Proximus
557 2822 659 2908 igitur
679 2824 778 2889 heres
793 2824 898 2889 virilis
920 2847 1033 2901 sexus,
1055 2832 1156 2911 atque
1171 2825 1259 2890 inte-r
1277 2822 1473 2908 complures

256 2926 461 3012 aptissimus,
484 2924 598 3010 quiin
628 2926 784 2991 omnibus
814 2926 940 3012 quibus
969 2948 1109 2991 necesse
1139 2934 1192 2991 est
1212 2926 1314 2990 rebus
1338 2924 1472 3010 virgini,

257 3028 366 3093 donec
383 3038 434 3091 est
449 3026 600 3112 innupta,
618 3027 791 3112 prospicit,
806 3028 898 3093 bona
913 3048 1051 3112 quoque
1067 3025 1139 3111 ejus
1152 3035 1256 3102 curat,
1272 3046 1418 3111 quorum
1430 3025 1474 3089 de

162 3188 165 3195 .
256 3127 544 3195 administratione
560 3126 692 3191 eaedem
708 3128 824 3193 valent
843 3128 1006 3204 rationes,
1028 3150 1114 3213 quas
1136 3128 1340 3213 pupillorum
1361 3127 1474 3189 bono·

255 3252 328 3295 rum
345 3250 457 3293 curam
472 3234 656 3293 tractantes
671 3228 772 3293 latius
789 3250 892 3314 supra
907 3229 1125 3314 exposuimus
1138 3230 1175 3313 ⁹).
1220 3226 1475 3293 Sed-bonorum

256 3353 368 3397 coram
387 3330 503 3417 judice
527 3351 606 3394 eura
629 3330 719 3415 apud
743 3353 858 3395 omnes
884 3330 1187 3397 Scandinaviorum
1208 3341 1327 3418 gentes
1350 3332 1475 3418 virgini

254 3432 445 3511 necessaria
460 3432 502 3496 ab
520 3453 559 3496 eo
576 3429 676 3497 valde
692 3432 871 3518 discrepat,
889 3454 957 3519 qua
970 3432 1108 3518 pupillis
1123 3431 1188 3495 hac
1204 3431 1238 3496 in
1252 3455 1290 3497 re
1306 3454 1396 3517 opus
1412 3442 1474 3498 est.

255 3536 478 3621 Nequaquam
494 3534 581 3599 enim
596 3532 718 3599 femina
732 3533 849 3599 adulta
867 3533 956 3598 omni
972 3555 1083 3599 coram
1094 3534 1211 3619 judice
1227 3534 1349 3621 agendi
1363 3533 1475 3600 facul·

311 3786 335 3857 ⁷)
353 3789 384 3841 V.
397 3805 421 3854 p.
437 3792 501 3857 laq.

311 3873 334 3941 ⁸)
354 3874 404 3940 Og.
422 3875 451 3927 L.
471 3876 560 3925 Raesst
577 3875 605 3938 B,
618 3874 669 3924 Xll
686 3871 730 3940 (11,
750 3870 810 3939 175)
827 3874 870 3924 Nu
888 3889 930 3922 ma
946 3871 999 3939 egh
1014 3872 1085 3922 kona
1101 3878 1135 3941 ep
1153 3889 1240 3941 gange
1256 3873 1326 3925 aella
1346 3892 1394 3925 sea
1405 3875 1476 3928 aella

256 3960 435 4028 ughurmaghi
446 3966 483 4027 pp
495 3967 522 4010 at
533 3964 586 4027 pon
599 3959 680 4010 skulu
691 3957 758 4007 mals
770 3973 831 4008 man
842 3958 910 4009 bava
918 3974 976 4009 sum
985 3973 1063 4013 svera
1075 3956 1132 4009 skal
1143 3960 1185 4009 firi
1197 3964 1260 4026 pom
1272 3961 1307 4010 ok
1320 3960 1400 4011 solda
1414 3968 1477 4029 past

256 4051 350 4113 apaan
359 4061 438 4112 gaeta
448 4062 507 4097 sum
517 4062 587 4109 naas,
596 4052 651 4096 taer
661 4058 705 4095 aer
714 4042 778 4110 pom
787 4059 804 4093 a
812 4044 937 4110 faeprinit
944 4072 973 4080 -
980 4044 1023 4094 Nu
1035 4059 1078 4092 ma
1089 4045 1141 4109 egb
1156 4042 1224 4095 kona
1232 4046 1298 4113 ping
1310 4051 1430 4097 etaemus
1440 4054 1477 4114 pa

256 4130 316 4183 skal
327 4131 429 4181 haenna
441 4130 506 4181 mals
524 4146 618 4180 manue
630 4136 747 4180 staemna
759 4144 809 4178 aen
820 4128 873 4179 han
885 4144 929 4179 aer
943 4130 1023 4182 innan
1035 4128 1126 4178 landas
1144 4126 1178 4179 ok
1189 4130 1252 4197 lagh
1264 4131 1351 4197 ssgbu
1362 4147 1409 4183 aer
1422 4132 1474 4182 han

257 4215 307 4285 egb
326 4232 374 4267 sua
386 4222 421 4283 pa
432 4215 492 4267 skal
502 4221 618 4265 staemna
630 4214 739 4265 andrum
751 4210 853 4264 haenna
865 4213 989 4279 skyldum
1003 4211 1117 4263 fraenda.

310 4298 334 4368 ⁹)
352 4300 432 4351 Andr.
457 4300 520 4351 Sun-
543 4300 633 4349 XVlll
656 4296 687 4366 (l,
715 4295 770 4364 15);
793 4298 837 4347 Er.
862 4298 927 4364 Reg.
951 4299 982 4347 L.
1011 4298 1072 4351 Siol.
1098 4299 1120 4360 I,
1145 4300 1186 4360 48,
1211 4301 1244 4349 49
1269 4297 1314 4366 (ΙΙ,
1342 4304 1376 4353 59
1407 4298 1474 4367 sqq.)

256 4386 346 4452 Iydslr.
359 4386 387 4435 L.
402 4387 422 4448 1,
436 4389 449 4434 7
463 4383 520 4452 (ΙΙΙ,
534 4382 576 4451 27)
585 4412 620 4421 -
631 4385 693 4435 Men
704 4383 815 4433 Daatter
825 4399 885 4434 maa
895 4383 1043 4449 iugenledis
1056 4384 1113 4449 sige
1125 4385 1167 4451 sig
1182 4385 1221 4435 aff
1233 4384 1366 4435 Fudereus
1382 4382 1475 4436 Verte

256 4470 326 4521 maal
341 4472 381 4521 lor
397 4470 447 4543 end
464 4470 533 4521 hand
550 4471 646 4537 giffuer
661 4468 747 4519 hande
765 4485 798 4519 en
815 4468 900 4519 auden
917 4475 958 4519 ret
969 4469 1047 4519 Veris
1058 4468 1139 4518 —da
1150 4468 1210 4520 skal
1222 4468 1292 4519 hand
1303 4486 1382 4521 reare
1395 4470 1475 4521 Ver-ie

256 4556 303 4607 der
313 4562 389 4607 naest
399 4573 428 4607 er
439 4556 486 4607 udi
501 4556 572 4621 Byrd
584 4555 654 4608 uden
670 4554 741 4605 hand
753 4554 855 4605 haffuer
866 4553 912 4605 odt
923 4554 959 4604 ok
970 4554 1120 4614 forkommit
1131 4554 1197 4605 hans
1210 4553 1290 4606 Gods.
