3059 4967
790 392 881 457 ‚22

760 482 962 493 ..ιι-

252 596 372 686 Neque
387 618 468 663 vero
483 597 589 663 dividi
609 584 696 663 inter
716 603 896 684 utrumque
915 597 1204 684 compositionem,
1225 621 1268 663 ex
1290 620 1332 663 eo
1349 600 1461 665 intelli-

255 700 355 787 gitur,
387 697 482 785 quod
509 696 639 784 pupillo
665 697 732 783 ipsi
756 699 823 764 soli
847 698 952 763 multa
979 700 1147 774 tribuitur,
1176 710 1278 788 etque
1302 700 1367 765 ubi
1392 701 1463 764 baec

245 800 376 868 divisio
399 801 514 877 certis,
544 820 629 887 quas
652 799 739 864 infra
761 799 986 885 proferemus,
1015 802 1126 865 causis
1148 800 1187 865 fit
1208 803 1296 865 inter
1314 800 1466 866 feminam

254 904 395 989 ejusque
417 909 572 977 tutorem,
595 901 682 966 idem
704 901 746 966 de
766 900 821 965 bis
842 900 926 966 eolis
946 900 1059 966 valere
1079 902 1172 988 leges
1192 902 1418 987 produnt²¹).
1431 938 1466 951 -

316 1001 370 1067 Ex
385 1002 501 1069 eodem
517 1001 639 1089 pupilli
654 1002 791 1067 defectu
804 1002 934 1067 arbitrii
947 1010 1051 1088 atquc
1065 1002 1187 1089 agendi
1202 995 1391 1079 facultatis,
1407 1025 1467 1090 quo

252 1105 371 1170 nititur
391 1104 473 1182 hoc,
502 1105 596 1193 quod
622 1105 855 1180 tractavimus,
883 1102 1009 1168 tutelae
1035 1126 1171 1180 munus,
1200 1102 1406 1169 deducenda
1426 1112 1470 1169 est

253 1207 438 1273 necessitas
464 1226 602 1292 quoque
628 1204 832 1270 defendendi
861 1205 1026 1291 pupillum
1049 1206 1084 1269 in
1112 1206 1279 1281 actiones,
1315 1226 1410 1290 quae
1436 1228 1470 1269 er

252 1307 361 1391 ipsius
377 1308 530 1373 oriuntur
545 1306 685 1371 delictis.
721 1306 835 1392 Atque
848 1326 935 1392 quae
950 1307 1015 1371 alia
1031 1307 1283 1371 constituuntur
1298 1306 1378 1371 aliis
1391 1309 1470 1395 juris

253 1406 407 1475 fontibus
423 1404 464 1472 de
480 1407 618 1494 pupillis
634 1407 814 1493 puniendis
829 1430 872 1471 ex
887 1402 1048 1494 singulari
1064 1408 1156 1494 apud
1176 1409 1337 1494 populum
1358 1430 1470 1494 quem·

256 1510 481 1596 quaerimusis
497 1518 616 1575 natura
628 1509 833 1595 diversoque
847 1509 1008 1594 puniendi
1024 1509 1125 1573 modo
1138 1510 1382 1595 cognoscenda
1400 1521 1474 1575 suut

254 1618 289 1675 et
303 1609 512 1695 explicanda.
558 1604 694 1687 lelandi,
716 1632 821 1697 quum
840 1610 1005 1696 cujusque
1025 1609 1097 1675 fere
1120 1610 1265 1675 criminis
1280 1634 1376 1683 reum
1396 1622 1473 1679 tam·

254 1732 353 1799 quam
375 1710 593 1797 reipublicae
615 1723 649 1777 et
668 1711 840 1777 hominum
862 1712 1029 1775 inimicum
1050 1731 1134 1795 pace
1155 1711 1233 1776 olim
1255 1712 1474 1787 excluserint,

253 1822 393 1899 propter
412 1812 569 1878 dolosum
591 1814 769 1897 praecipue
792 1812 936 1877 animum
956 1812 1169 1877 criminosum
1185 1814 1303 1897 punire
1318 1816 1474 1879 tetende-

207 1950 210 1953 ·
253 1916 403 1997 runt22).
449 1914 510 1979 Cui
531 1916 730 1998 respondet,
754 1914 889 1979 eosdem
911 1913 1086 1998 pupillum,
1109 1916 1235 2001 quippe
1256 1916 1307 1989 cui
1332 1928 1476 2002 propter

254 2015 373 2079 aetatis
389 2014 648 2081 imbecillitatem
670 2016 771 2081 dolus
787 2024 821 2079 et
837 2015 1013 2080 consilium
1029 2015 1123 2099 pacis
1144 2014 1314 2079 bominum
1330 2020 1475 2087 turban-

254 2115 316 2179 dae
331 2116 442 2181 inesse
457 2136 526 2181 non
543 2126 665 2200 potest,
682 2117 880 2203 gravissima
893 2115 951 2180 illa
967 2136 1077 2201 poena
1092 2115 1181 2180 affici
1194 2117 1356 2181 noluisse.
1400 2118 1475 2197 Qua

249 2237 289 2281 re
312 2236 414 2302 quum
438 2238 499 2301 pro
522 2217 596 2281 aliis
620 2218 750 2283 delictis
774 2240 842 2281 non
865 2224 1040 2282 uterentur
1063 2216 1137 2281 aliis
1159 2218 1289 2303 poenis,
1311 2238 1386 2282 non
1412 2220 1476 2282 alia

254 2340 366 2404 poena
381 2318 511 2405 pupillo
527 2318 637 2383 afferri
660 2327 788 2405 potest,
813 2340 913 2406 quam
935 2319 1127 2405 castigatio,
1151 2340 1219 2404 qua
1241 2340 1314 2383 eum
1336 2319 1476 2385 afficere

253 2419 348 2485 laeso
365 2420 429 2505 ipsi
440 2428 497 2485 est
511 2420 708 2500 licitum22).
754 2419 823 2483 Sed
843 2428 953 2484 tamen
970 2441 1056 2506 quae
1073 2420 1107 2483 in
1128 2420 1248 2505 pupilli
1262 2420 1353 2484 bona
1367 2444 1476 2486 vene·

249 2528 332 2585 runt
347 2542 401 2585 res
417 2521 555 2597 alienae,
578 2529 713 2587 curator
732 2521 852 2607 procul
872 2520 975 2585 dubio
996 2519 1172 2585 restituere
1193 2529 1266 2585 erat
1287 2522 1476 2609 obligatus.

254 2622 317 2687 His
333 2632 441 2687 autem
452 2623 540 2709 juris
557 2622 735 2689 criminalis
756 2622 945 2687 rationibus
961 2622 1108 2697 mutatis,
1132 2642 1234 2707 quum
1249 2626 1475 2708 compositio·

248 2746 328 2789 nem
363 2726 468 2812 magis
502 2724 675 2810 magisque
711 2722 824 2787 damni
858 2722 1061 2787 resarciendi
1096 2723 1267 2787 notionem
1296 2728 1478 2810 accepisse

254 2826 521 2913 cognoverimus,
549 2824 641 2889 haud
663 2824 862 2900 mirabimur,
887 2822 982 2909 quod
1008 2826 1287 2909 compositionem
1315 2826 1479 2892 solvendi

255 2926 418 3011 obligatio
445 2927 550 3012 magis
576 2926 749 3012 magisque
772 2924 910 3009 pupillis
930 2947 1068 3012 quoque
1087 2927 1244 3011 imposita
1265 2935 1326 2991 est.
1371 2928 1481 3013 Apud

176 3064 187 3083 ·
253 3028 466 3113 Norvegioos
490 3049 552 3113 pro
576 3028 663 3113 juris
686 3025 875 3102 criminalis,
903 3026 1022 3112 quales
1045 3027 1244 3111 produntur,
1270 3029 1481 3106 rationibus

255 3128 406 3215 pupillus
422 3128 501 3193 inde
515 3149 535 3191 a
547 3136 639 3191 certo
653 3128 800 3214 quodam
813 3128 932 3192 aetatis
945 3148 1034 3191 anno
1051 3128 1195 3214 aliquam
1212 3130 1482 3213 compositionis

254 3240 382 3317 partem
408 3230 541 3297 solvere
568 3228 743 3310 debet24),
775 3232 828 3293 cui
852 3228 964 3292 damni
990 3229 1078 3292 inest
1106 3230 1286 3304 restitutio,
1313 3230 1341 3293 si
1367 3230 1483 3317 hujus

254 3333 365 3420 gentis
380 3332 473 3419 leges
489 3330 706 3397 consentiunt
721 3352 795 3395 cum
811 3330 1060 3417 Sueogotorum
1070 3330 1157 3416 jure,
1182 3330 1276 3416 quod
1292 3352 1363 3395 eam
1380 3353 1482 3397 com-

252 3520 455 3531 -η

305 3636 350 3700 ’1)
368 3637 417 3705 Og.
431 3636 460 3689 b.
474 3639 540 3706 ch.
553 3638 607 3688 mal
618 3635 689 3691 xlv.
707 3636 754 3699 (ΙΙ.
769 3635 822 3697 75).
839 3663 874 3673 -
890 3635 934 3686 Nu
950 3650 999 3685 aen
1015 3631 1085 3685 lona
1100 3632 1152 3685 lmn
1163 3640 1247 3702 verpa
1262 3635 1329 3703 barb
1348 3638 1423 3689 aella
1437 3657 1487 3692 sar

252 3723 321 3773 aella
331 3722 364 3772 ok
374 3736 459 3772 annur
467 3722 530 3775 lund
540 3723 592 3772 kan
603 3736 696 3789 gaeras
707 3720 738 3771 til
750 3717 858 3783 liaennc,
870 3726 933 3787 pact
944 3736 960 3769 a
971 3722 1074 3771 brenna
1085 3724 1159 3787 gipta
1170 3726 1278 3788 mapaer
1289 3719 1373 3784 sotis,
1386 3725 1425 3774 ok
1442 3730 1488 3778 alt

252 3814 315 3876 pact
338 3822 397 3857 sum
417 3812 482 3874 paer
498 3806 566 3858 botis
583 3806 624 3855 firi
640 3803 754 3871 pabore
774 3806 876 3857 haenne
898 3805 965 3854 balst
980 3804 1011 3866 til
1029 3801 1062 3855 ok
1080 3805 1146 3855 hallt
1167 3806 1270 3855 haenna
1286 3806 1360 3872 gipta
1377 3824 1486 3863 manne

252 3908 311 3944 sum
323 3892 392 3943 bana
404 3890 481 3955 abbir,
499 3898 562 3943 amn
574 3891 627 3940 han
638 3895 720 3957 verpe
732 3895 852 3947 resumet
867 3890 939 3957 gipta
955 3890 1032 3951 mala,
1045 3894 1081 3957 pa
1092 3890 1187 3942 botser
1198 3892 1274 3941 botin
1287 3892 1359 3958 gipta
1373 3900 1488 3947 manni-

251 3994 315 4029 nam
327 3978 365 4041 til,
383 3978 452 4028 aella
464 3977 517 4027 bon
529 3974 616 4028 bunne
628 3976 669 4026 liri
680 3976 754 4042 ligga
766 3976 809 4026 sik
821 3976 891 4026 aella
901 3976 954 4025 bon
966 3975 1056 4025 bunne
1068 3975 1131 4024 uua
1142 3975 1273 4041 ringaeva
1284 3978 1327 4027 firi
1339 3975 1418 4030 hana.

247 4070 254 4099 -'
305 4058 350 4127 ¹¹)
368 4060 458 4112 Wiieia
469 4062 486 4111 l.
500 4076 522 4113 c.
535 4074 560 4126 p.
574 4062 632 4122 268,
646 4062 696 4111 278
708 4076 773 4127 sqq,
783 4057 845 4110 748.

305 4146 349 4210 ²⁸)
367 4147 448 4213 Grtg.
458 4145 542 4211 Vigsl.
557 4146 589 4195 32
602 4158 625 4195 o.
639 4146 693 4206 (11,
703 4148 757 4201 63).
770 4170 806 4181 -·
817 4144 940 4210 Efyngri
953 4148 1029 4210 mapr
1041 4143 1119 4193 rinnr
1130 4158 1146 4193 a
1158 4145 1247 4193 manni
1260 4162 1310 4196 ean
1323 4148 1384 4200 ΧΠ.
1398 4158 1485 4203 veen

251 4230 357 4299 gemell,
368 4235 404 4297 ba
416 4245 431 4280 a
443 4234 518 4297 mapr
529 4235 556 4279 at
565 4230 623 4279 stira
634 4230 705 4281 hana
718 4244 750 4280 cc
760 4225 837 4296 haspi
847 4242 898 4292 ser,
915 4243 964 4279 sva
975 4242 1030 4278 sem
1043 4232 1079 4294 pa
1090 4228 1188 4291 mundi,
1207 4231 1234 4279 ei
1244 4228 1314 4281 bann
1326 4235 1384 4283 veri
1397 4236 1484 4286 sostri

251 4322 300 4383 epr
310 4314 387 4382 sspir.

303 4399 347 4463 “l
367 4397 444 4453 Aeld.
457 4398 499 4449 ol.
512 4398 542 4451 L.
558 4384 607 4449 190'
620 4396 660 4461 (1,
673 4397 726 4463 69).
762 4398 865 4463 Umage
883 4396 945 4462 engi
961 4394 1017 4445 soal
1033 4400 1085 4445 rctt
1094 4395 1158 4446 tska
1169 4410 1202 4447 oo
1213 4412 1299 4465 engen
1311 4401 1414 4466 giallda
1425 4406 1484 4457 adr

226 4486 227 4489 ’
251 4501 284 4537 en
295 4484 366 4535 hann
378 4498 405 4533 se
418 4484 477 4533 XlL
497 4488 570 4533 vetra
586 4483 685 4549 gamall
700 4498 734 4549 pa
750 4498 780 4533 er
795 4482 866 4531 bann
881 4480 1018 4531 balfrettes
1029 4479 1104 4530 msdr
1115 4481 1344 4551 at'bvarotreggia
1354 4484 1388 4535 til
1400 4486 1483 4541 bann

253 4586 281 4622 or
291 4570 350 4623 XV.
362 4574 449 4631 vetra3
467 4564 543 4620 Aeld.
556 4567 599 4621 Fr.
611 4567 640 4618 L.
653 4568 707 4632 IV,
720 4570 753 4619 36
767 4566 808 4632 (L,
822 4566 894 4631 169);
919 4564 995 4618 Aeld.
1008 4565 1097 4622 biark.
1108 4567 1139 4621 B.
1152 4569 1183 4619 bl
1200 4567 1241 4633 (1,
1254 4570 1324 4634 314).
