3059 4967
853 372 893 439 14

772 461 975 471 -—-—--

266 579 406 664 primum
435 576 536 641 nobis
566 576 725 653 occurrit,
764 576 998 664 antiquissimo
1031 584 1184 663 tempore
1214 575 1482 662 propinquorum
1507 577 1508 594 ²

268 701 467 767 quemquam
489 678 669 764 praecipue
690 698 753 743 suo
774 677 888 763 ipsius·
903 678 1041 742 arbitrio
1063 677 1269 764 pupillorum
1289 677 1397 741 saluti
1415 699 1483 762 pro-

266 782 429 867 spexisse.
458 780 543 845 Nam
559 781 593 844 in
608 779 755 844 lelandia
770 780 912 865 proximi
928 781 1169 868 consanguinei
1184 780 1351 844 bonorum
1368 779 1483 844 fructi-

267 884 332 948 bus
349 884 444 947 alunt
459 882 634 967 pupillum,
650 903 760 967 neque
775 881 875 945 ullam
889 902 1003 945 eorum
1018 885 1181 947 rationem
1195 882 1336 946 reddere
1349 881 1484 953 debent.

267 986 315 1049 ita
328 992 367 1049 ut
381 984 512 1049 fruetus
528 982 682 1069 capiendi
693 984 771 1069 jure
785 991 890 1068 pater,
910 983 1014 1049 frater
1029 1007 1072 1049 ex
1086 985 1204 1050 eodem
1222 992 1316 1068 patre
1331 991 1369 1049 et
1384 992 1486 1047 mater

268 1107 399 1170 semper
420 1093 567 1159 utantur,
596 1084 785 1149 remotioris
813 1096 923 1149 autem
952 1086 1076 1173 gradus
1104 1087 1376 1173 propinquorum
1407 1085 1486 1148 alter

269 1187 365 1251 alteri
392 1208 505 1251 euram
531 1185 663 1251 auferre
688 1187 810 1271 possit,
839 1186 918 1251 dato
948 1188 1131 1273 promisso,
1158 1210 1195 1251 se
1222 1186 1391 1273 pupillum
1422 1186 1486 1249 suis

267 1289 374 1375 ipsius
410 1288 532 1373 opibus
568 1296 832 1355 sustentaturum
867 1287 1068 1375 fructusque
1098 1289 1142 1354 ad
1172 1289 1264 1353 bona
1292 1286 1486 1352 additurum

269 1413 343 1455 esse
357 1400 363 1430 ¹
376 1392 415 1474 ²).
464 1388 593 1453 Eodem
608 1390 685 1476 jure
706 1390 797 1474 apud
816 1389 1027 1477 Norvegieos
1048 1402 1184 1455 curator
1205 1391 1283 1455 olim
1304 1411 1394 1453 usus
1418 1409 1487 1451 esse

245 1500 248 1505 ’
270 1493 412 1568 videtur,
435 1491 567 1577 legibus
588 1500 698 1555 autem
718 1492 770 1568 iis,
794 1512 881 1578 quae
896 1490 995 1554 nobis
1011 1502 1092 1557 sunt
1106 1492 1248 1557 traditae
1268 1490 1360 1555 illius
1379 1489 1487 1575 gentis

270 1603 373 1679 atque
388 1594 566 1678 praecipue
582 1590 831 1679 Sueogotorum
853 1601 887 1657 et
901 1591 1115 1671 Danieorum,
1131 1591 1391 1681 diligentissime
1413 1611 1487 1675 pro-

271 1696 413 1779 spicitur
432 1692 563 1779 pupillo
580 1692 614 1757 in
631 1703 818 1758 curatorem
839 1702 873 1758 et
887 1694 1091 1779 praecipitur
1111 1703 1151 1759 ut
1169 1694 1302 1759 fruetus
1317 1693 1351 1756 in
1368 1690 1488 1777 pupilli

272 1795 482 1861 commodum
498 1804 607 1859 vertat
625 1795 843 1881 rationesque
862 1795 1052 1877 reddat13).
1092 1796 1165 1860 Hae
1181 1816 1320 1881 quoque
1333 1795 1368 1857 in
1388 1813 1489 1857 causa

271 1897 403 1983 agenda
427 1898 462 1960 in
488 1894 632 1960 familiae
661 1896 772 1961 locum
800 1905 919 1981 postea
945 1901 1079 1962 venisse
1104 1897 1152 1962 rei
1182 1896 1337 1982 publicae
1362 1915 1488 1965 euram.

271 2000 424 2063 diversos
454 1997 752 2064 Scaudinaviorum
782 1999 871 2085 juris
906 1998 1018 2063 fontes
1053 2007 1287 2084 comparantes
1322 2017 1392 2061 nos
1424 2016 1489 2058 non

270 2100 448 2187 fugiet14).
468 2137 509 2147 -
531 2099 684 2166 Ceterum
705 2100 894 2186 singulares
915 2101 1168 2166 administrandi
1193 2101 1353 2174 rationes,
1383 2119 1488 2183 quum

271 2222 483 2287 nequaquam
511 2202 681 2287 pendeant
700 2225 742 2266 ex
763 2204 806 2266 iis
826 2202 948 2278 causis,
969 2203 1093 2289 quibus
1121 2201 1259 2267 tutelam
1288 2199 1382 2286 apud
1409 2200 1489 2263 alias

271 2315 389 2391 gentes
416 2304 513 2369 aliam
539 2301 660 2369 laetam
689 2325 764 2369 esse
791 2304 1027 2390 eognovimus,
1058 2312 1320 2369 cousentaneum
1347 2308 1422 2375 est,
1453 2300 1491 2363 de

273 2406 412 2471 curandi
426 2404 528 2469 modo
545 2406 690 2470 omnium
706 2406 852 2493 gentium
868 2406 961 2493 leges
977 2406 1112 2471 omnino
1129 2406 1329 2471 consentire.
1367 2400 1491 2467 Omnia
1510 2469 1511 2472 Ἴ

273 2507 358 2571 euim
375 2505 619 2601 Soandinaviae
632 2508 712 2594 jura
728 2506 762 2572 id
778 2528 953 2572 commune
974 2509 1113 2573 maxime
1128 2505 1318 2581 intendunt,
1338 2516 1379 2569 ut
1395 2525 1490 2569 eura-

275 2617 328 2673 tor
349 2616 442 2673 tauta
463 2610 627 2686 restituat,
651 2618 778 2696 quanta
799 2611 976 2694 acceperit
1020 2610 1166 2675 Primum
1181 2610 1282 2697 igitur
1295 2607 1490 2692 impositum

265 2720 326 2776 ¹est
348 2711 494 2776 curatori
512 2732 648 2789 munus,
677 2719 716 2777 ut
735 2711 898 2797 inquirat,
922 2720 1049 2798 quauta
1070 2713 1139 2778 sint
1158 2710 1307 2777 curanda
1326 2704 1491 2789 bona¹⁵t

273 2901 475 2911 -ι-ω--ι

330 3017 371 3079 ¹²)
391 3018 471 3084 Grdg.
484 3018 538 3069 Ars.
553 3022 578 3085 p.
592 3019 607 3067 9
621 3032 642 3070 e.
657 3016 688 3081 (Ι,
701 3034 726 3083 p.
741 3015 812 3082 192).
847 3018 928 3084 Fepir
940 3017 994 3068 soal
1006 3016 1067 3069 hese
1078 3020 1192 3086 fiarvurp
1204 3018 1290 3069 veirlo
1302 3016 1380 3068 barus
1394 3017 1452 3067 sins
1466 3032 1494 3066 or.
1511 3021 1512 3042 ³

274 3119 320 3156 sva
333 3108 420 3166 vtxto,
438 3120 470 3153 en
488 3105 516 3155 ef
530 3104 582 3170 eigi
598 3103 649 3153 lifir
665 3104 735 3169 sapiu
751 3108 787 3169 pe
803 3103 859 3153 seul
875 3103 966 3170 bropir
977 3106 1101 3171 semfepri
1112 3122 1145 3155 eu
1157 3107 1186 3155 ef
1194 3104 1248 3170 eigi
1259 3103 1311 3154 lifir
1323 3102 1417 3169 bropir
1427 3120 1494 3153 sam

273 3189 342 3256 sepri
355 3191 390 3255 pe
402 3188 457 3239 soal
468 3190 561 3256 mopir.
586 3189 629 3239 Nu
641 3204 684 3239 ero
697 3189 755 3255 peir
766 3204 845 3238 menn
857 3204 904 3238 sva
913 3189 961 3242 III.
973 3198 1000 3239 et
1011 3191 1065 3255 eigi
1077 3189 1147 3255 bypr
1158 3188 1245 3239 undem
1256 3189 1495 3255 finrvarpveizlona
1511 3253 1512 3256 Ἴ

273 3291 307 3325 ne
319 3280 367 3325 sira
379 3278 501 3325 nortona.
518 3299 554 3309 -
565 3272 602 3323 El
610 3273 735 3339 oseylldri
744 3290 823 3325 menn
834 3281 894 3325 tneo
904 3274 935 3324 til
946 3274 1146 3341 fiervarpveizlo
1159 3289 1192 3324 oe
1203 3290 1232 3325 er
1243 3278 1279 3340 pe
1291 3280 1361 3324 costr
1371 3280 1400 3324 at
1412 3275 1495 3341 biope

274 3360 363 3411 undan
375 3362 446 3427 peim
458 3358 547 3409 manni
558 3358 747 3425 varpveiulone
757 3360 848 3409 fierine
859 3360 888 3409 ef
899 3363 946 3425 pat
957 3359 1005 3409 vill
1019 3376 1064 3422 -—;
1082 3358 1146 3412 ibid.
1162 3361 1192 3410 10
1204 3374 1227 3410 c.
1240 3360 1274 3424 (Ι.
1286 3375 1311 3424 p.
1325 3361 1374 3409 19⁹1
1388 3360 1462 3425 sqq.)

330 3444 372 3507 ¹⁸)
392 3443 468 3494 Aeld.
478 3444 520 3494 el.
532 3444 623 3508 Lllb
643 3441 684 3508 (L,
697 3446 755 3508 51„
774 3446 817 3497 Er.
828 3444 893 3510 Reg.
905 3444 934 3495 L.
945 3441 1002 3495 Siel
1014 3445 1044 3507 1.,
1055 3447 1089 3495 48
1103 3445 1157 3508 (11.
1171 3442 1224 3510 61).
1247 3442 1306 3494 Eud
1317 3459 1382 3493 narr
1394 3444 1494 3494 Broder

275 3530 342 3582 eller
358 3529 441 3580 auden
453 3528 533 3579 Mend
545 3528 680 3595 modtager
692 3530 824 3578 Bornenes
837 3529 916 3592 Gods,
932 3529 966 3579 da
977 3529 1065 3581 skulle
1082 3529 1172 3581 saarel
1185 3529 1267 3579 Deres
1277 3527 1427 3581 Fnedreme
1440 3545 1493 3579 som

270 3616 400 3667 Modrene
412 3612 544 3665 Freender
559 3629 637 3665 ruere
654 3613 786 3664 tillsteede
804 3630 839 3679 og
855 3614 974 3679 slrjonne,
990 3593 1096 3677 om'det,
1113 3614 1164 3664 han
1181 3613 1325 3679 modtager‚
1342 3612 1398 3663 lran
1418 3630 1492 3663 veere

274 3716 344 3753 mere
362 3698 412 3749 end
430 3699 461 3749 til
477 3698 563 3749 Foede
582 3715 616 3765 og
632 3695 759 3761 Kleeder;
781 3699 814 3749 de
831 3698 890 3749 skal
906 3714 966 3749 men
983 3699 1057 3762 vide,
1078 3700 1145 3750 hvor
1161 3704 1248 3765 meget
1269 3696 1316 3747 der
1339 3696 1393 3745 ken
1422 3698 1494 3749 blire

274 3787 383 3837 tilovers
395 3800 437 3834 om
449 3784 530 3833 Aeret
545 3808 578 3819 -
596 3799 631 3850 og
646 3784 802 3848 hvormeget
818 3779 869 3832 heu
886 3785 944 3835 skal
962 3785 1023 3850 give
1041 3783 1115 3834 deref
1125 3800 1168 3833 om
1179 3782 1269 3834 Aeret.
1304 3782 1345 3831 De
1357 3782 1494 3847 Ejendele,

275 3888 332 3923 som
344 3870 396 3919 tan
408 3886 451 3919 om
463 3868 544 3919 Amet
555 3868 607 3918 ken
619 3867 748 3935 udbringe
760 3868 792 3918 til
803 3883 882 3930 mere,
899 3869 949 3919 end
961 3869 991 3919 til
1003 3870 1135 3920 Bomenee
1147 3866 1235 3919 Foede
1247 3883 1283 3933 og
1292 3866 1419 3930 Klasder,
1438 3868 1495 3917 dem

275 3957 335 4008 skal
352 3957 404 4006 hen
417 3955 538 4022 modtege
549 3956 614 4005 ester
625 3954 786 4021 Vurdering;
804 3954 885 4005 Andr.
898 3954 961 4006 Suu.
973 3955 1071 4007 XXIII.
1084 3956 1126 4018 (1.,
1137 3970 1162 4021 p.
1174 3950 1219 4019 21)
1238 3952 1332 4018 Jydek.
1345 3952 1407 4003 Lov
1420 3954 1452 4017 1..
1464 3956 1495 4004 30

275 4038 410 4111 (111.,ea).
785 4042 789 4049 ’

236 4152 243 4161 -
331 4126 373 4192 ¹⁴)
393 4126 431 4177 Cf.
446 4124 525 4191 areg.
539 4124 594 4175 Ars.
607 4128 633 4191 p.
646 4126 661 4175 9
674 4139 697 4177 e.
716 4123 749 4191 (Ι.
761 4141 787 4191 p,
802 4126 850 4175 192
863 4123 931 4193 sqq.)
945 4140 1006 4177 eum
1017 4124 1114 4191 Jydsk.
1127 4124 1158 4175 L.
1169 4122 1199 4188 1.,
1212 4125 1245 4175 89
1257 4121 1318 4190 (111.
1330 4139 1355 4190 p.
1370 4122 1434 4193 92)3
1453 4126 1491 4177 Er.

276 4214 339 4280 Reg.
353 4214 382 4264 L.
396 4210 457 4262 Siel.
470 4208 490 4262 Ι.
504 4212 537 4261 le
557 4211 601 4276 (ΙΙ.
613 4226 639 4277 p.
652 4207 705 4270 61).
1266 4250 1273 4261 ,

331 4296 373 4359 ¹⁴)
393 4296 644 4363 Grtg.A1·f.p.9o.
662 4292 701 4363 (L,
716 4293 786 4360 195).
802 4322 837 4331 —
854 4295 895 4345 En
912 4295 988 4362 sipon
1005 4294 1060 4345 soal
1076 4296 1156 4346 uelim
1172 4300 1245 4345 vetto
1261 4298 1290 4345 et
1305 4290 1362 4359 psi,
1379 4300 1409 4345 at
1425 4295 1492 4346 baur

276 4390 332 4435 teor
347 4383 393 4449 rip
411 4383 435 4431 le
457 4380 505 4447 pvi
522 4396 550 4430 er
565 4379 628 4429 hinn
648 4382 713 4447 ungi
731 4386 806 4447 mapr
821 4397 844 4444 a,
867 4396 898 4431 oe
915 4380 983 4431 bum
999 4380 1061 4429 hafn
1077 4385 1112 4447 pa
1130 4381 1190 4443 virt,
1207 4379 1239 4430 til
1255 4394 1316 4445 pess
1333 4385 1362 4429 at
1379 4380 1447 4432 hese
1464 4388 1493 4449 pe

277 4473 374 4521 ovdxto
393 4467 426 4531 ef,
450 4481 482 4518 oo
498 4465 624 4532 abyrgiez
641 4472 668 4516 at
685 4467 738 4533 eigi
755 4465 824 4533 pnrfi
840 4466 984 4533 innottpor,
1006 4481 1083 4516 nemu
1100 4480 1207 4533 omeger
1223 4464 1293 4515 eomi
1310 4463 1407 4516 ahias
1426 4482 1493 4535 unge

278 4570 372 4611 manne
388 4554 427 4617 fe;
450 4552 536 4603 Jeme.
549 4550 620 4606 und.
637 4551 664 4604 b.
680 4567 718 4606 oe.
732 4556 773 4620 24,
787 4553 831 4619 253
855 4552 923 4606 aed
940 4552 981 4605 Fr.
995 4551 1027 4603 Ia.
1038 4552 1094 4619 [Xe
1111 4556 1153 4619 22,
1166 4555 1199 4604 29
1216 4549 1340 4621 (lale).
1360 4578 1393 4588 -
1413 4552 1496 4605 Enet
