3059 4967
471 1422 473 1434 Ι
506 1488 844 1589 Introductis.

630 1715 731 1726 -....-

128 1849 344 1936 Pupillorum
374 1855 408 1911 et
436 1847 609 1912 mulierum
639 1845 858 1933 singularem,
891 1867 961 1931 qua
985 1845 1009 1910 ii
1034 1845 1126 1931 apud
1141 1853 1286 1922 ,veteres

60 1952 317 2019 Scandinavios
343 1952 397 2017 usi
419 1951 501 2024 siut,
532 1947 759 2013 conditionem
784 1969 886 2035 quum
909 1947 1112 2025 intueamur,
1138 1948 1174 2013 id
1196 1969 1287 2037 com7

61 2076 169 2119 mune
190 2053 232 2116 iis
254 2074 328 2117 esse
350 2059 500 2138 apparet,
525 2048 616 2136 quod
638 2050 744 2114 libera
764 2048 886 2135 agendi
906 2050 1038 2136 sibique
1057 2050 1287 2136 prospiciendi

60 2154 233 2221 facultate
263 2154 376 2218 multis
408 2154 442 2217 in
467 2152 569 2217 rebus
600 2151 722 2235 privati
752 2151 890 2216 tutelam
920 2150 1088 2237 quandam
1115 2150 1289 2217 habebant

63 2256 303 2323 necessariam.
365 2252 512 2332 Quibus,
550 2274 751 2340 quamquam
786 2251 892 2317 tutela
922 2252 1078 2317 omnibus
1100 2273 1195 2339 -opus
1225 2260 1287 2331 est,

66 2368 183 2424 tamen
204 2377 416 2443 nequaquam
439 2353 555 2419 eadem
583 2353 769 2440 profertum
798 2375 861 2439 pro
882 2354 1044 2441 singulari
1064 2354 1151 2419 enim
1173 2375 1289 2420 eorum

63 2469 191 2527 natura
217 2459 282 2523 alio
304 2456 406 2522 modo
435 2456 574 2541 pupillis
600 2455 873 2543 prospiciendum
893 2464 959 2531 est,
989 2456 1055 2521 alio
1082 2457 1287 2523 mulieribus.

62 2564 181 2649 Atque
207 2561 354 2645 ipsarum
381 2551 554 2623 mulierum
580 2557 768 2645 singulares
790 2557 880 2621 vitae
912 2556 1124 2623 conditiones
1152 2559 1189 2624 id
1216 2559 1288 2624 effi·

63 2665 173 2738 ciunt,
194 2669 234 2727 ut
248 2661 347 2725 valde
368 2660 455 2725 inter
475 2681 512 2723 se
533 2658 688 2723 differant
706 2658 799 2744 leges
820 2658 862 2723 de
883 2658 1021 2744 virgine,
1041 2650 1085 2724 de
1105 2682 1222 2737 uxore,
1245 2662 1287 2727 de

64 2766 173 2830 vidua
188 2762 322 2828 tuenda.
368 2760 516 2842 Quarum
532 2760 710 2825 tutelarum
725 2760 880 2825 diversae
899 2760 1059 2838 rationes,
1082 2783 1184 2848 quum
1200 2762 1288 2828 infra

62 2865 291 2932 illustrandae
307 2856 409 2949 atque
426 2885 468 2927 ex
488 2862 693 2949 singularum
708 2882 938 2947 personarum,
955 2883 1042 2947 quae
1063 2871 1145 2926 sunt
1166 2862 1283 2927 defen-

63 2968 216 3042 dendae,
245 2974 366 3030 natura
389 2966 456 3029 sint
477 2963 695 3029 deducendae
716 2972 750 3027 et
770 2961 1004 3048 explicandae,
1033 2962 1198 3028 hocloco
1215 2965 1287 3050 jam

64 3068 237 3155 praemitti
253 3074 398 3152 oportet,
420 3086 508 3152 quae
523 3065 692 3152 generalia
707 3064 775 3130 dici
790 3070 937 3150 possunt
951 3063 992 3127 de
1008 3064 1114 3129 tutela
1128 3066 1179 3142 iis,
1197 3086 1285 3151 quos

62 3169 324 3241 nominavimus
348 3167 524 3241 communi,
549 3166 591 3231 de
613 3165 740 3252 origine
762 3168 836 3254 ejus
852 3174 886 3230 et
899 3163 1023 3240 indole,
1047 3187 1147 3252 quam
1167 3166 1287 3233 habuit
1400 3238 1410 3251 ⁸

62 3270 303 3358 antiquissimo
325 3275 485 3352 tempore,
506 3266 549 3332 de
571 3267 830 3341 mutationibus,
860 3288 947 3352 quae
969 3276 1089 3352 postea
1112 3269 1141 3331 ei
1163 3267 1285 3335 allatae

61 3374 151 3449 sint,
183 3369 429 3457 cognoscendis
460 3377 494 3435 et
523 3368 740 3454 explicandis.
796 3366 898 3447 Quod
927 3376 966 3433 ut
993 3367 1219 3454 perficiamus,
1250 3371 1285 3434 in

60 3476 259 3539 memoriam
279 3470 431 3537 revocari
450 3492 589 3535 necesse
605 3478 666 3548 est,
687 3470 798 3557 qualis
816 3469 919 3534 fuerit
934 3476 1083 3534 veterum
1099 3470 1284 3538 Scandina-

60 3577 200 3639 riorum
214 3574 262 3639 rei
277 3574 432 3659 publicae
449 3573 657 3649 constitutio,
680 3570 923 3637 meminerimus
944 3572 1124 3657 praecipue
1145 3574 1284 3658 propiu-

62 3698 213 3764 quorum
241 3676 498 3761 conjunctiones
526 3675 644 3761 quales
665 3672 808 3749 fuerint,
836 3680 999 3759 quantum
1025 3672 1168 3739 valuerit
1202 3695 1283 3739 con·

62 3777 304 3864 sanguinitatis
333 3776 504 3841 vinculum
533 3777 620 3841 inter
648 3776 744 3861 ipsos
774 3774 1003 3859 propinquos,
1035 3776 1153 3860 quanti
1181 3775 1285 3841 fuerit

65 3878 231 3943 momenti
257 3877 381 3942 familia
404 3880 438 3941 in
462 3878 605 3943 civitate.
643 3876 801 3942 Familiae
812 3875 1035 3962 integritatem
1052 3885 1086 3941 et
1101 3876 1241 3941 salutem
1265 3899 1286 3940 a

63 3979 194 4045 familia
208 3980 284 4064 ipsa
298 3984 463 4067 serpatam
479 4000 563 4054 esse,
586 3978 855 4064 propinquorum
874 3976 1015 4042 alterum
1030 3976 1126 4041 alteri
1141 3978 1174 4041 in
1189 3977 1281 4043 bello

65 4090 99 4147 et
116 4103 201 4167 pace
221 4078 346 4144 auxilio
370 4078 528 4153 adfuisse,
551 4078 586 4141 in
607 4080 771 4165 angustiis
786 4079 860 4163 vito
881 4078 1085 4164 praesidium
1107 4077 1280 4156 adtulisse,
1305 4102 1327 4147 a

65 4181 237 4247 interfecti
253 4180 413 4247 ultionem
430 4180 622 4265 suscepisse
636 4180 729 4266 leges
745 4178 904 4265 produnt,
928 4181 1110 4265 scriptores
1123 4179 1282 4246 referunt.

62 4285 162 4349 Haec
177 4284 224 4347 ita
239 4283 471 4371 antiquissimo
493 4290 643 4367 tempore
659 4303 695 4346 se
710 4279 881 4357 habuisse,
903 4302 1014 4368 neque
1034 4303 1182 4368 unquam
1204 4304 1283 4368 pro-

64 4387 234 4473 pinquum
255 4386 523 4471 propinquorum
548 4382 706 4459 auxilium
729 4380 895 4448 defecisse
917 4383 951 4447 in
974 4382 1125 4459 civitate,
1147 4382 1282 4469 inqua,

65 4510 172 4575 quum
191 4486 329 4574 publica
349 4491 501 4572 potestas
522 4505 591 4548 non
613 4492 703 4547 esset
718 4482 842 4557 adulta,
866 4482 989 4549 familia
1004 4484 1117 4550 multis
1133 4486 1166 4549 in
1181 4488 1283 4551 rebus

63 4592 213 4658 insuam
234 4587 422 4677 ipsiusvim
439 4593 472 4651 et
487 4586 683 4674 gravitatem
704 4585 916 4673 spectaverit,
940 4593 1108 4672 tamquam
1123 4587 1158 4651 in
1173 4587 1283 4651 solum
