3059 4967
548 1671 819 1816 Praefatio.

138 2120 379 2187 Germanorum
402 2128 529 2209 gentes,
554 2144 640 2209 quae
661 2120 943 2209 septentrionales
965 2120 1159 2187 incolebant
1180 2119 1290 2185 Euro·

72 2246 136 2309 pae
152 2224 317 2309 regiones,
335 2246 437 2309 quum
454 2224 495 2287 ab
512 2223 585 2288 aliis
601 2224 797 2289 nationibus
813 2231 988 2309 separatae
998 2222 1162 2309 majorum
1177 2242 1289 2287 mores

74 2324 234 2402 colerent,
250 2324 373 2389 multas
389 2325 612 2411 antiquissimi
621 2326 709 2413 juris
724 2324 955 2390 institutiones
967 2325 1115 2411 integras
1127 2334 1161 2389 et
1171 2323 1288 2388 immu-

73 2434 162 2490 tatas
178 2426 313 2513 longius
330 2447 493 2503 servasse,
511 2449 610 2514 quam
627 2426 866 2492 Germanorum
877 2424 1036 2511 populos,
1055 2425 1113 2512 qui
1128 2433 1234 2490 terras
1247 2424 1291 2490 ad

72 2527 242 2591 meridiem
265 2533 458 2612 spectantes
482 2530 650 2603 tenebant,
674 2530 801 2616 quippe
824 2526 1111 2615 quibusmultum
1134 2527 1291 2607 alieniet

73 2629 155 2692 novi
178 2628 432 2714 migrationibus
462 2630 771 2717 congressibusque
798 2651 874 2694 cum
896 2628 1056 2693 Romanis
1079 2628 1289 2707 afferebatur,

71 2729 135 2794 viri
158 2728 252 2793 docti
273 2729 510 2821 intellexerunt
533 2740 567 2795 et
590 2730 862 2812 ostenderunt¹).
908 2730 985 2811 Qua
1010 2753 1046 2796 re
1067 2731 1103 2795 in
1123 2730 1288 2808 fontibus,

72 2833 131 2919 qui
147 2832 247 2896 nobis
264 2830 376 2895 traditi
392 2831 786 2897 suntScandinaviorum
796 2832 901 2917 juris,
924 2852 993 2896 non
1008 2854 1085 2897 raro
1101 2831 1288 2897 invenimus

70 2934 300 2999 institutiones
317 2932 473 3018 antiquas
489 2941 523 2997 ct
537 2933 694 3020 integras,
711 2954 798 3020 quas
814 2932 1044 3009 barbarorum.
1061 2954 1148 3021 quae
1161 2954 1286 3000 vocan-

73 3046 134 3114 tur,
150 3036 244 3123 leges
260 3035 410 3120 produnt
424 3055 575 3122 magnam
591 3039 717 3120 partem
733 3041 878 3099 mutatas
895 3045 928 3101 et
943 3037 1132 3101 innovatas.
1176 3037 1287 3122 Atque

73 3138 112 3201 de
136 3136 278 3223 singulis
295 3137 383 3223 juris
406 3136 690 3211 institutionibus,
715 3135 850 3222 quibus,
873 3139 901 3202 si
925 3161 994 3203 non
1019 3137 1153 3213 eisdem,
1177 3146 1287 3200 tamen

72 3248 160 3303 certe
177 3237 350 3302 simillimis
365 3246 506 3303 utuntur
521 3237 737 3303 Scandinavii
754 3246 788 3302 et
803 3247 933 3305 ceterae
952 3237 1192 3305 Germanorum
1205 3259 1286 3324 gen·

73 3350 133 3417 tes,
149 3339 451 3405 Scandinaviorum
461 3339 575 3405 fontes
591 3339 701 3409 multo
715 3340 889 3426 ampliora,
905 3341 1058 3417 certiora,
1074 3341 1285 3405 accuratiora

73 3441 257 3527 proferunt,
275 3463 373 3530 quam
391 3442 607 3508 barbarorum
622 3442 724 3529 leges,
749 3442 792 3507 (le
806 3441 920 3507 multis
929 3441 1017 3527 juris
1033 3442 1186 3526 partibus
1202 3463 1284 3527 pau·

71 3544 203 3606 cissima
225 3541 475 3627 disserentes2).
521 3543 615 3624 Quae
645 3565 748 3630 quum
771 3544 819 3608 ita
841 3544 925 3620 sint,
953 3564 1023 3607 non
1052 3542 1189 3607 dubium
1213 3542 1284 3618 erit,

71 3645 150 3731 quin
174 3644 335 3731 majorum
353 3645 441 3731 juris
464 3644 624 3709 historiae
652 3646 802 3732 cognitio
825 3646 965 3711 multum
988 3644 1168 3730 adjuvetur
1184 3644 1283 3729 juris,
1314 3630 1317 3636 ⁴

71 3766 138 3831 quo
167 3745 219 3809 usi
248 3755 327 3810 sunt
354 3756 483 3811 veteres
512 3745 736 3827 Scandinavii,
768 3746 933 3831 studi0³).
979 3745 1055 3827 Qua
1083 3768 1119 3811 re
1148 3764 1218 3809 non
1249 3744 1284 3809 in

122 4065 147 4125 ¹t
166 4068 279 4118 Grimmz
295 4068 429 4119 Deutsche
447 4068 714 4121 Rechtsalterthtimer
731 4070 875 4138 Gottingen
895 4072 960 4120 1828
978 4069 1103 4135 praefatio
1118 4084 1145 4133 p.
1163 4068 1214 4118 Vll
1228 4083 1283 4134 sqq.

70 4152 133 4201 Xlll
143 4170 211 4219 sqq.;
226 4155 339 4205 Grimm:
353 4154 503 4205 Zeitsohrift
514 4156 555 4205 fiir
567 4155 1010 4222 geschichtl.Rechtswissenschast
1019 4154 1094 4205 vol-⁹,
1114 4170 1139 4219 p.
1152 4157 1200 4203 117
1214 4170 1282 4219 sqq.;

69 4238 193 4289 Paulson:
212 4239 300 4290 Uebor
311 4238 357 4289 das
371 4240 491 4289 Stadium
504 4240 550 4290 des
566 4238 722 4290 nordischen
739 4239 837 4289 Rechts
854 4240 915 4290 Kiel
934 4242 1014 4301 18263
1036 4240 1171 4303 Homeyer
1187 4239 1284 4289 Roseu-

70 4324 166 4388 viage's
183 4324 317 4375 Dltaiselre
333 4324 584 4389 lloclrtsgeschichte
602 4321 691 4375 Berlin
712 4326 779 4375 1825
796 4326 936 4391 praefati03
948 4324 1046 4377 wilda:
1071 4323 1215 4375 Strafrecht
1237 4324 1284 4376 der

71 4409 212 4459 Germanou
227 4409 305 4459 Helle
320 4411 385 4461 1842
399 4426 423 4475 p.
439 4413 452 4457 7
469 4425 524 4475 sqq.

121 4494 147 4557 ²)
165 4494 253 4545 Wilda
266 4495 283 4545 1.
297 4510 318 4546 c.
332 4511 384 4562 pag
407 4499 420 4545 7
437 4512 493 4563 sqq.

120 4578 146 4649 ³)
166 4580 194 4633 V.
208 4596 233 4633 u.
248 4584 269 4637 l.
