3059 4967
861 396 904 462 42

279 616 423 661 uxoreo
445 617 481 660 se
498 595 677 661 defendere
701 607 823 683 potest,
847 598 941 685 quod
955 599 1232 675 abalienationes,
1253 601 1379 687 quibus
1393 601 1481 665 detri-

278 706 424 763 mentum
440 688 541 763 bouis
557 699 692 765 allatum
709 700 749 763 iri
766 700 898 785 probat,
921 700 970 764 illi
983 701 1148 785 repudiat.
1193 700 1247 765 Ex
1261 702 1325 776 bis,
1350 725 1434 790 quae
1448 704 1481 767 de

279 799 490 864 abalienandi
517 800 679 865 facultate
702 802 810 865 mariti
833 802 992 879 diximus,
1021 804 1183 889 cognosci
1203 813 1333 889 potest,
1364 826 1437 868 num
1456 815 1482 869 et

279 922 365 987 quae
386 902 494 967 mariti
514 902 629 967 debita
649 904 767 967 uxoris
789 904 888 968 bonis
910 906 1156 984 solvantur'0).
1200 906 1284 969 Nam
1310 907 1482 971 secundum

280 1024 334 1079 ea,
370 1022 456 1089 quae
486 1003 528 1068 de
559 1006 781 1069 communium
812 1007 978 1071 bonorum
1008 1007 1254 1072 abalienatione
1283 1008 1482 1092 protulimus,

279 1105 387 1169 mariti
414 1105 613 1182 creditores,
648 1106 829 1192 quominus
856 1130 895 1173 ea
923 1117 1081 1194 poscant,
1115 1130 1186 1173 non
1215 1119 1296 1173 sunt
1324 1109 1481 1194 prohibiti,

279 1214 382 1291 atque
397 1206 497 1271 bonis
514 1209 747 1272 commuuione
763 1212 912 1287 exemtis,
936 1211 965 1275 si
980 1210 1128 1286 maritus,
1144 1231 1232 1295 quae
1246 1210 1361 1286 debet,
1384 1211 1480 1285 solvit,

278 1329 366 1372 uxor
387 1307 542 1372 damnum
565 1318 703 1384 tantuin,
727 1318 765 1375 ut
785 1314 959 1388 sarciatur,
984 1319 1096 1396 petere
1120 1321 1243 1396 potest,
1267 1313 1296 1376 si
1317 1333 1356 1376 se
1375 1311 1481 1397 injuria

279 1410 478 1475 detrimento
496 1409 649 1475 affectum
666 1434 740 1478 esse
756 1415 888 1499 probat.
933 1414 993 1479 cui
1010 1422 1119 1477 antem
1140 1414 1251 1477 inesse
1266 1435 1336 1478 non
1352 1413 1481 1484 videtur,

277 1510 386 1575 mariti
416 1511 599 1575 creditores
627 1512 670 1577 ad
696 1513 811 1579 debita
840 1514 1006 1579 solvenda
1030 1516 1064 1579 in
1092 1536 1229 1579 uxorem
1259 1515 1369 1601 ipsam
1398 1536 1481 1601 agere

280 1613 422 1698 ejusque
452 1612 543 1675 bona
572 1634 593 1676 a
623 1618 857 1681 communione
887 1618 1040 1702 sejuncta
1062 1616 1140 1702 jure
1169 1624 1284 1701 petere
1313 1637 1427 1700 posse.
1449 1652 1480 1660 -

278 1713 392 1800 Atque
420 1713 487 1779 hoc
517 1715 617 1780 bonis
648 1718 877 1802 prospiciendi
905 1740 1055 1794 munere,
1089 1726 1128 1781 ut
1158 1719 1296 1782 maritus
1324 1717 1480 1805 fungatur,

280 1838 382 1903 quum
397 1817 431 1880 in
448 1816 579 1903 judicio
603 1827 680 1902 agat
696 1840 784 1903 opus
801 1822 859 1896 sit,
883 1821 955 1884 sine
977 1818 1049 1883 ullo
1069 1820 1187 1883 uxoris
1209 1818 1370 1883 mandato
1387 1819 1481 1881 omnia

279 1940 389 1983 coram
410 1918 527 2005 judico
554 1918 597 1982 ad
623 1908 834 1986 defendenda
856 1922 912 1985 vel
939 1921 1085 2005 petenda
1109 1922 1198 1985 bona
1225 1921 1416 1985 necessaria
1437 1929 1481 1983 aut

277 2020 350 2106 ipse
366 2022 435 2107 agit
450 2030 508 2085 aut
523 2020 673 2107 singulas
695 2022 845 2087 actiones
867 2023 963 2087 alteri
974 2022 1126 2104 agendas
1142 2022 1260 2087 defert.
1306 2020 1409 2101 Quod
1425 2023 1481 2108 jam
1512 2075 1513 2092 ,

280 2144 384 2208 supra
399 2124 552 2199 vidimus,
577 2132 721 2188 tutorem
742 2146 804 2208 pro
820 2146 929 2189 rerum
945 2125 1141 2190 diversitate
1157 2124 1288 2187 diverse
1304 2124 1337 2187 in
1354 2124 1481 2210 singrdis
1512 2111 1513 2124 ¹

279 2225 390 2289 causis
406 2246 513 2311 agere,
537 2232 639 2311 atque
655 2224 773 2290 eodem
795 2226 896 2291 modo
917 2226 1048 2291 diverse
1069 2224 1223 2293 lemiumn
1239 2233 1300 2289 aut
1314 2225 1402 2289 alios
1418 2246 1481 2311 pra

279 2325 427 2411 pinquos
450 2350 523 2391 cum
544 2336 656 2393 tutore
678 2349 786 2415 agere,
810 2328 852 2393 de
867 2349 1011 2393 uxorum
1026 2348 1165 2415 quoque
1180 2326 1286 2390 tutela
1301 2326 1402 2392 valet.
1442 2328 1483 2391 De
1512 2315 1514 2446 ι

279 2426 568 2495 administratione
594 2431 759 2517 bonorum
787 2431 876 2514 ipsa,
904 2429 1075 2516 quomodo
1103 2437 1209 2515 gerat,
1239 2428 1383 2515 singula,
1410 2449 1485 2515 quae

277 2528 369 2613 leges
386 2550 455 2593 non
471 2532 631 2615 produnt,
654 2532 803 2618 suppleri
824 2531 989 2606 videntur,
1013 2538 1047 2593 et
1062 2552 1114 2606 eo,
1137 2530 1230 2616 quod
1251 2531 1391 2595 maritus
1406 2552 1484 2594 com·
1511 2571 1512 2636 l

277 2651 376 2694 mune
393 2633 603 2697 commodum
620 2655 682 2698 suo
698 2634 806 2718 ipsius
821 2634 959 2697 arbitrio
976 2641 1080 2709 curat,
1097 2641 1131 2696 et
1144 2631 1311 2696 bonorum
1321 2632 1410 2717 jure,
1425 2651 1483 2718 quo
1511 2639 1512 2656 ³

276 2730 363 2796 inter
379 2754 415 2797 se
431 2742 571 2799 utuntur
587 2736 759 2822 conjuges.

341 2932 371 2999 2.
401 2932 497 3000 Sicut
516 2938 565 3001 rei
585 2936 728 3001 familiae
748 2938 795 2999 ita
814 2934 931 2999 uxoris
952 2934 1063 3009 saluti,
1086 2941 1126 2997 ut
1139 2933 1327 3018 prospiciat
1346 2934 1484 3004 maritus,

277 3056 380 3121 quum
408 3039 607 3103 matrimonii
628 3040 660 3103 vi
682 3047 717 3103 et
736 3045 856 3101 natura
876 3044 1052 3120 poscatur,
1076 3056 1115 3098 ea
1137 3056 1277 3120 quoque
1296 3036 1378 3120 jura
1398 3034 1486 3121 perfi-

278 3136 386 3201 ciendi
401 3137 557 3215 facultas,
581 3160 667 3226 quae
689 3139 881 3205 criminibus
902 3138 935 3200 in
957 3158 1095 3199 uxorem
1119 3137 1307 3201 commissis
1330 3137 1484 3206 oriuntur,

248 3252 251 3259 ⁴
277 3238 395 3301 marito
413 3261 491 3324 prae
508 3240 649 3305 feminae
665 3240 866 3326 propinquis
883 3237 1108 3301 committitur.
1139 3238 1178 3301 ln
1193 3238 1342 3301 Islandia
1357 3248 1393 3301 et
1407 3238 1483 3301 Nor·

277 3340 373 3426 vegia
395 3342 533 3405 maritus
555 3341 739 3406 ulciscendi
762 3350 875 3428 partes
897 3339 1049 3424 suscipit,
1071 3348 1182 3425 atque,
1205 3346 1317 3402 utrum
1339 3340 1484 3402 crimino·
1509 3393 1510 3402 ,

277 3462 336 3503 sus
358 3462 440 3527 pace
462 3443 625 3528 privetur,
653 3466 695 3508 an
723 3444 951 3508 transactione
978 3440 1208 3504 reconciliatio
1236 3438 1304 3515 fiat,
1334 3440 1484 3513 decernit,

275 3561 386 3627 neque
407 3543 526 3619 minus,
547 3544 605 3607 ubi
627 3546 873 3630 compositione
895 3542 969 3607 sola
990 3544 1111 3607 crimen
1135 3541 1304 3625 expiatur,
1329 3543 1404 3607 sine
1425 3541 1484 3606 ullo

274 3644 391 3707 uxoris
421 3645 577 3709 mandato
608 3648 747 3710 maritus
777 3646 922 3710 criminis
952 3665 1094 3729 poenam
1124 3642 1209 3727 petit
1238 3650 1272 3705 et
1297 3643 1485 3727 accipit11).

273 3744 429 3809 Attamen
454 3768 523 3810 non
546 3746 661 3832 ipsius,
686 3748 747 3813 sed
769 3747 895 3823 uxoris,
920 3751 1106 3818 causaest,
1130 3766 1230 3830 quam
1253 3743 1331 3829 agit,
1355 3762 1486 3826 compo·

275 3846 411 3923 sitione,
448 3870 535 3934 quae
562 3849 721 3925 solvitur,
755 3848 882 3923 uxoris,
918 3849 1044 3934 quippe
1071 3865 1157 3931 qnae
1182 3844 1276 3907 laesa
1301 3851 1370 3921 est,
1405 3845 1486 3907 bona

274 3957 449 4034 augentur,
472 3950 578 4035 ipsius
601 3958 653 4014 est
673 3949 795 4025 multa,
819 3969 1020 4035 quamquam
1043 3969 1104 4032 pro
1126 3947 1295 4010 bonorum
1309 3946 1400 4032 jure,
1425 3963 1484 4030 quo

273 4058 416 4115 utuntur
439 4052 617 4139 conjuges,
647 4052 844 4137 plerumque
871 4048 1049 4114 commodo
1071 4056 1124 4113 est
1144 4048 1242 4112 etiam
1262 4047 1394 4111 marito.
1440 4043 1483 4107 Ob

312 4338 354 4401 ¹⁰)
373 4357 398 4391 v.
413 4340 536 4392 Stemann
549 4342 566 4393 l.
580 4357 603 4392 o.
616 4342 638 4403 ξ.
654 4346 694 4393 21.

312 4424 354 4487 ¹¹)
373 4426 452 4493 Grtg.
466 4427 549 4493 Vigsl.
564 4430 595 4478 36
611 4444 633 4479 c.
647 4427 692 4489 (11.
704 4426 757 4488 68),
771 4428 804 4475 66
816 4439 838 4473 c.
851 4425 906 4487 (11,
922 4424 983 4487 108)
996 4428 1029 4475 70
1039 4439 1061 4474 o.
1074 4424 1130 4487 (11,
1141 4418 1212 4487 112).
1233 4448 1262 4457 -
1279 4421 1321 4470 En
1333 4421 1362 4471 ef
1371 4436 1390 4471 a
1401 4434 1483 4469 manns

274 4509 344 4560 kono
363 4524 392 4559 er
408 4513 490 4571 uouit,
513 4527 545 4561 oe
562 4528 577 4562 a
594 4511 691 4563 boandi
708 4508 805 4560 hennar
821 4514 867 4560 sito
883 4516 931 4577 pa3
954 4508 1031 4560 Aeld.
1050 4510 1092 4560 Fr.
1110 4507 1141 4560 L.
1153 4509 1195 4570 X,
1213 4509 1245 4556 87
1263 4503 1294 4571 (1.
1309 4501 1370 4571 226)
1388 4506 1483 4568 xr.,12

175 4608 176 4615 ¹
274 4591 318 4660 (11.
333 4593 405 4663 232);
425 4596 474 4663 cg.
487 4596 517 4648 L.
530 4596 598 4662 Vup.
612 4612 646 4649 m.
660 4598 693 4647 36
705 4592 757 4661 (IL,
770 4591 822 4660 91).

1504 4749 1508 4914 l
