3059 4967
670 373 710 439 37

75 600 150 655 coe,
167 576 225 665 qui
242 576 356 641 eodem
372 574 480 663 gradu
496 582 575 640 sunt
590 575 782 664 propinqui,
803 576 831 641 si
846 595 957 661 neque
972 576 1173 663 transigunt,
1190 598 1300 664 neque

72 682 176 769 virgo
200 679 347 745 declarat
367 677 587 757 voluntatem,
610 678 716 764 major
742 685 835 741 aetas
860 677 979 741 tribuit
1005 677 1297 763 principatum⁴⁰).

71 782 156 847 Hoc
168 782 211 847 ab
224 780 457 866 antiquissimo
467 780 555 865 jure,
572 801 770 866 quonmnes
782 779 964 865 propinqui
977 778 1211 865 despondendi
1221 780 1299 866 jure
1331 768 1338 778 ’

70 894 229 959 utuntur,
254 890 356 968 atque
378 903 493 950 eorum
515 882 705 966 complures
727 902 791 945 suc
807 881 956 967 ipsorum
973 881 1111 946 arbitrio
1136 888 1195 945 aut
1216 902 1297 945 con·

63 987 185 1073 juncti
206 992 311 1071 agunt
331 992 390 1048 aut
415 990 601 1047 curatorem
625 983 792 1071 quendam
813 983 1013 1069 eliguut⁴¹)‚
1039 990 1078 1047 ut
1098 983 1298 1067 posterioris

70 1087 240 1173 temporis
255 1086 347 1172 leges
364 1084 565 1171 discrepent,
587 1106 646 1148 cur
660 1084 787 1149 factum
804 1085 857 1159 sit,
874 1092 912 1148 ut
926 1084 1163 1171 intelligamus,
1180 1106 1298 1149 causa·

71 1210 152 1253 rum
165 1187 409 1251 meminerimus
420 1208 560 1251 neccsse
573 1194 633 1263 est,
643 1186 766 1272 quibus
780 1194 899 1271 postca
912 1187 1020 1250 omnia
1033 1186 1150 1252 tuendi
1162 1208 1299 1251 munera

72 1292 262 1377 conjuncta
276 1297 309 1354 et
319 1289 376 1353 uni
390 1288 655 1374 propinquorum
668 1288 798 1352 cuidam
811 1288 935 1352 tributa
948 1310 1022 1352 esse
1033 1289 1151 1352 iterum
1163 1290 1298 1353 iterum·

70 1416 145 1480 que
163 1391 373 1477 protulimus.
416 1388 512 1466 Nam,
528 1410 629 1475 quum
646 1390 827 1475 posteriori
841 1398 992 1475 tempore
1007 1390 1106 1455 heres
1125 1390 1298 1476 proximus

69 1494 184 1559 virilis
208 1514 309 1557 sexus
331 1499 364 1555 et
386 1491 577 1577 aptissimus
601 1492 749 1577 quidem,
780 1504 820 1555 ut
842 1512 972 1556 omnem
991 1492 1131 1579 virginis
1156 1491 1297 1556 salutem

70 1598 239 1682 integram
257 1592 548 1673 servetomnibus
564 1594 599 1655 iu
612 1592 722 1657 causis
736 1614 807 1656 eam
823 1601 927 1670 curet,
943 1594 1048 1658 eidem
1062 1591 1297 1678 despondendi

63 1700 129 1785 jus
147 1707 200 1762 est
215 1694 539 1779 concedendum42).
576 1694 883 1779 Desponsationem
905 1696 1022 1780 ipsam,
1045 1717 1147 1781 quum
1168 1695 1296 1758 intuea-

71 1823 161 1876 mur,
186 1796 419 1883 antiquissimo
440 1802 590 1881 tempore
611 1795 754 1861 familiae
771 1798 965 1872 auctoritas,
989 1798 1076 1861 sicut
1090 1797 1125 1861 in
1142 1796 1297 1860 omnibus

74 1902 192 1975 rebus,
208 1900 255 1963 ita
269 1900 304 1983 in
319 1898 383 1961 hac
400 1918 548 1983 quoque,
566 1897 741 1982 plurimum
759 1898 902 1963 valebat.
940 1896 1141 1963 Hoslruldus
1156 1918 1297 1983 respon-

73 2004 136 2067 det
153 2000 357 2086 Hallgerdae
373 1999 460 2063 filiae
476 1999 611 2083 nuptias
627 1999 833 2084 repudianti:
858 1998 959 2079 Quod
982 2009 1019 2063 tu
1037 1990 1207 2085 repugnas
1228 2019 1298 2063 non

73 2113 208 2169 tantum
237 2102 364 2178 habeo,
391 2110 430 2166 ut
450 2100 602 2165 solvatur
628 2123 668 2164 eo
695 2108 830 2185 pactum
855 2123 875 2164 a
899 2124 950 2165 me
976 2109 1197 2176 contractum,
1218 2111 1297 2164 'mea

71 2206 248 2281 voluntas,
270 2226 340 2268 uon
356 2214 425 2279 tua,
449 2204 477 2266 si
494 2204 704 2277 dissidemue
729 2202 925 2283 valebitrr).
946 2264 948 2268 ,
970 2204 1082 2290 Atque
1102 2202 1190 2267 hanc
1206 2223 1295 2266 sum·

70 2330 161 2373 mam
178 2313 379 2393 potestatem
397 2303 774 2391 agnoscitfiliaverbiS,
798 2304 922 2389 quibus
941 2304 1141 2389 respondet:
1172 2304 1297 2391 Magna
1352 2350 1368 2359 κ

72 2409 211 2497 quidem
243 2414 294 2472 est
319 2406 368 2470 tui
398 2406 505 2491 ipsius
535 2415 569 2471 et
598 2405 865 2491 propinquorum
896 2406 1014 2481 elatio,
1045 2427 1113 2492 qua
1138 2428 1173 2469 re
1203 2405 1297 2469 haud

73 2512 204 2584 mirum,
229 2509 256 2573 si
274 2530 335 2595 ego
353 2507 598 2593 aliquantulum
615 2507 809 2591 paruissem.
854 2506 1045 2571 Secundum
1064 2506 1192 2595 Gragas
1209 2529 1295 2593 quo-

72 2635 142 2699 que
158 2613 254 2698 virgo
272 2610 417 2695 nuptias,
443 2630 527 2695 quas
544 2608 697 2693 despicit,
720 2607 856 2670 nonnisi
872 2630 911 2671 eo
929 2608 1047 2695 fugere'
1061 2617 1184 2693 potest,
1201 2609 1296 2696 quod

71 2734 204 2777 sacram
227 2712 321 2797 eligit
336 2711 509 2793 vitam⁴⁴].
554 2707 622 2773 Sed
643 2708 826 2793 posteriori
845 2717 996 2795 ternpore
1019 2709 1162 2775 familiae
1183 2711 1294 2797 gravi·

70 2826 128 2880 tas
148 2804 307 2899 paulatim
329 2812 434 2897 magis
458 2810 643 2888 deminuta,
672 2809 738 2873 hac
759 2830 898 2895 quoque
919 2812 953 2875 iu
975 2834 1011 2875 re
1031 2812 1140 2877 miuus
1170 2821 1294 2898 potest,

71 2925 179 3001 atque
201 2914 333 3000 legibus
357 2912 549 2997 diligentius
573 2911 692 2998 virgini
720 2912 943 2996 prospicitur,
973 2913 1098 2999 quippe
1122 2936 1224 2999 quae,
1252 2936 1295 2977 ne

70 3014 337 3103 despondeudac
352 3014 485 3099 puellae
501 3012 553 3077 vis
570 3010 736 3087 afferatur,
757 3018 953 3095 vetant⁴⁵);
976 3036 1164 3079 consensus
1184 3023 1294 3079 autem

126 3302 169 3369 ⁴⁰)
190 3302 269 3369 Grtg.
282 3306 351 3355 Fest.
364 3310 391 3371 p.
407 3308 421 3353 2
435 3319 458 3355 c.
472 3302 512 3366 (L,
526 3300 597 3369 307).
615 3301 653 3343 -’
666 3304 703 3352 Ef
717 3303 784 3353 fleiri
801 3319 878 3353 menn
898 3319 941 3354 ero
958 3304 991 3354 til
1007 3308 1132 3370 rapanna,
1150 3304 1253 3371 pascal
1265 3320 1295 3354 sa
1335 3347 1338 3354 .

67 3394 147 3455 rupa,
165 3404 192 3436 er
211 3388 302 3441 ellzter
320 3407 348 3441 er
367 3391 522 3457 brdpranna,
540 3391 569 3439 ef
583 3394 618 3455 pa
634 3389 697 3439 soilr
714 3404 737 3451 a,
756 3388 823 3437 enda
840 3388 899 3455 bipi
916 3388 969 3438 hon
982 3394 1017 3455 pa
1028 3404 1092 3455 rupa
1108 3390 1181 3454 syrir.
1216 3391 1255 3440 En
1269 3391 1297 3440 ef

67 3476 124 3525 hou
143 3478 227 3539 quepr
243 3490 258 3523 a
276 3475 395 3536 eitthvat,
416 3479 452 3541 pa
469 3473 523 3523 scal
541 3489 570 3523 sa
586 3475 670 3539 peirra
686 3476 759 3539 rapa,
783 3489 812 3523 er
823 3472 922 3523 hennae
933 3474 992 3540 rapi
1003 3474 1092 3541 fylgir,
1114 3477 1142 3525 ef
1151 3480 1198 3541 pot
1209 3474 1294 3541 pickir
1357 3455 1363 3466 ⁹

62 3556 208 3625 jafuraepi,
221 3574 254 3608 en
266 3575 333 3625 engo
346 3563 424 3625 raepr
435 3558 538 3607 aldrinn
551 3562 593 3624 pa,
606 3573 638 3607 oc
650 3574 698 3608 sva
710 3557 851 3609 hrarvetna
862 3574 923 3623 poss
935 3575 965 3609 er
976 3560 1028 3627 eigi
1041 3576 1085 3610 ero
1097 3559 1186 3625 brdpr.

125 3642 169 3707 ⁴¹)
189 3642 257 3693 Aeld
270 3643 311 3694 (ΙΙ,
324 3642 354 3691 L.
368 3644 399 3691 51
421 3640 460 3707 (Ι,
475 3641 528 3708 27).
557 3644 600 3695 Nu
616 3644 688 3695 scolo
707 3644 787 3695 brodr
805 3642 869 3693 rada
884 3644 936 3708 syri
953 3652 1042 3710 systur
1058 3645 1127 3695 sinui
1143 3645 1212 3694 tveir
1228 3642 1294 3695 aeda

67 3727 137 3777 fleiri
148 3752 183 3761 —
195 3743 232 3777 nu
244 3727 309 3776 vilia
320 3727 390 3776 hinir
401 3727 478 3777 riuva
491 3744 525 3793 pa
537 3728 609 3778 seclo
621 3730 677 3794 pcir
689 3728 745 3779 lutu
757 3729 837 3779 hverr
848 3728 889 3777 firi
902 3728 958 3778 ocal
970 3728 1041 3781 rada.

125 3810 169 3875 ⁴²)
187 3810 237 3877 Og.
247 3811 277 3861 L.
289 3812 357 3877 Gipt.
369 3811 393 3861 b.
404 3812 451 3863 IX.
465 3813 604 3876 (11.,100);
623 3815 666 3865 Er.
677 3813 740 3879 Reg.
751 3814 773 3863 L
793 3812 941 3875 siel.v1.‚48
954 3813 1009 3878 (ΙΙ,
1018 3809 1072 3878 59).
1096 3813 1149 3863 Det
1161 3812 1220 3862 skal
1232 3828 1293 3862 man

68 3912 152 3963 ogsaa
168 3895 229 3946 vide
247 3906 274 3946 at
291 3896 336 3959 de,
359 3896 463 3947 derare
482 3898 514 3948 de
532 3905 677 3949 naercmste
694 3898 725 3948 til
742 3904 864 3949 atraere
883 3894 984 3963 Vaerge
1002 3899 1043 3948 lor
1060 3894 1130 3947 Boru
1148 3913 1190 3948 ere
1208 3914 1243 3964 og
1259 3897 1291 3948 do

66 3982 258 4043 naermeatetil
271 3986 297 4031 ut
309 3979 433 4047 bortgifte
447 3982 521 4033 deren
534 3984 666 4034 Praenker
678 3980 766 4034 Enkcr
778 3983 844 4033 oller
856 3982 938 4033 Moer.

123 4064 168 4132 ⁴³)
186 4066 260 4117 Nials
273 4066 343 4131 Saga
355 4081 377 4119 c.
393 4070 432 4119 10.

122 4150 166 4217 ⁴⁴)
187 4152 389 4218 Grdg.Fest.1).
406 4155 457 4201 2c.
476 4148 517 4215 (1,
531 4148 602 4216 306).
625 4152 687 4218 Eigi
703 4151 759 4203 scal
777 4152 845 4217 sapit
860 4156 941 4217 neyta
957 4150 1043 4201 dottor
1061 4151 1119 4202 sina
1134 4150 1167 4201 til
1185 4156 1251 4218 rapa
1267 4152 1296 4202 ef

68 4235 123 4287 hon
136 4236 184 4288 vill
196 4238 282 4304 vigiaz
294 4236 349 4287 lata
361 4236 392 4287 til
404 4250 501 4291 nunno.

122 4318 167 4387 Η)
184 4324 269 4388 Koag.
287 4322 377 4389 Magn.
395 4315 582 4389 gamle·l(irke
598 4319 657 4369 Lov
674 4317 782 4386 (profert
797 4320 878 4370 Pauo:
899 4318 1020 4386 Samling
1037 4321 1067 4370 uf
1081 4320 1168 4386 gemla
1184 4320 1291 4371 Nooslrc

64 4407 141 4457 Loro
154 4407 183 4469 1.,
198 4410 211 4455 2
226 4423 251 4472 p.
265 4406 327 4468 246)
342 4433 373 4441 -
388 4407 458 4473 siger
469 4405 524 4455 hun
536 4419 596 4470 ney,
609 4404 642 4453 du
655 4421 683 4455 er
693 4406 749 4457 hun
761 4406 826 4456 ikke
837 4406 889 4456 fast
900 4404 1011 4467 derved3
1029 4405 1089 4471 wg.
1102 4405 1132 4455 L.
1146 4404 1191 4455 lv.
1204 4405 1291 4456 Aduo·

64 4492 188 4554 tationes,
203 4494 234 4541 23
251 4492 292 4554 (1,
306 4492 376 4553 321).
400 4492 466 4541 Item
484 4491 507 4541 si
524 4496 600 4557 pater
616 4490 661 4540 dat
676 4490 758 4543 filiam
775 4505 851 4542 ruam
862 4490 958 4557 nuptui
968 4489 1013 4538 vol
1026 4488 1094 4539 aliua
1107 4489 1220 4555 quilibet
1230 4506 1293 4540 cou-

67 4575 241 4643 sanguiuoam
253 4592 327 4627 suam
339 4576 449 4628 invitam
462 4576 583 4628 emendat
593 4577 716 4641 episcopo
728 4582 781 4627 trae
794 4590 906 4639 murem
930 4573 1027 4640 Jydsk.
1039 4574 1069 4626 L.
1079 4574 1109 4638 1.,
1119 4577 1152 4624 33
1166 4574 1226 4640 (ΙΙΙ.
1236 4571 1291 4638 70)-
