3059 4967
838 420 880 486 20

254 622 320 711 que
335 623 437 689 modo
450 622 584 688 diversa
596 629 676 688 sunt
689 620 779 706 apud
789 621 941 710 singulas
954 627 1082 709 gentes,
1099 644 1203 709 quum
1217 644 1258 687 ex
1269 622 1471 687 familiarum

254 734 288 791 et
297 726 345 792 rei
361 723 516 812 publicae
529 724 783 798 constitutione,
799 724 909 809 qualis
921 723 1017 787 initio
1028 722 1139 797 fuerit,
1156 722 1338 810 qualisque
1351 734 1472 809 postea

254 827 408 904 faetasit,
425 826 595 911 explicare
604 824 842 900 studuerimus,
859 824 1042 911 eaquaede
1054 824 1290 889 criminibusiu
1304 826 1472 911 pupillum

255 928 441 993 commissis
464 928 642 1014 puniendis
666 927 872 1014 singularum
888 926 1036 1014 gentium
1056 924 1150 1012 leges
1173 935 1207 989 et
1226 927 1365 1012 quidem
1391 928 1474 992 aliae

255 1028 515 1107 dissentiunt,
544 1052 586 1095 ex
609 1028 837 1115 singularibus
860 1028 951 1114 apud
974 1026 1137 1113 populum
1160 1028 1366 1113 singularem
1386 1030 1474 1116 juris
1498 1041 1503 1049 '

256 1120 434 1196 criminalis
456 1132 645 1197 rationibus
667 1129 871 1216 diversoque
893 1128 1054 1215 puniendi
1076 1129 1178 1193 modo
1209 1128 1417 1195 deducenda
1447 1142 1477 1194 et

256 1232 458 1317 explicanda
480 1253 555 1297 esse
570 1231 737 1297 videntur.
781 1231 820 1295 In
836 1228 984 1295 islandia
1006 1237 1040 1293 et
1059 1229 1230 1319 Norvegia
1251 1254 1357 1318 quum
1381 1233 1476 1319 pacis

257 1332 408 1398 exclusio
425 1334 521 1398 etiam
537 1332 665 1397 leviora
681 1339 843 1418 sequatur
858 1330 990 1408 delicta,
1007 1331 1047 1407 ei,
1064 1332 1121 1418 qui
1134 1331 1246 1397 laesus
1259 1341 1320 1409 est,
1337 1350 1478 1417 semper

255 1434 326 1499 fere
347 1434 427 1500 licet
443 1435 613 1499 occisione
635 1433 757 1497 inimici
780 1454 817 1497 se
839 1433 1007 1515 ulcisci⁹).
1051 1432 1090 1497 lu
1113 1434 1279 1519 pupillum
1292 1481 1294 1484 -
1308 1435 1421 1521 igitur
1451 1435 1477 1498 si

257 1535 393 1601 crimine
407 1535 513 1601 laesio
529 1535 575 1611 fit,
597 1533 780 1622 propinqui
794 1533 974 1599 decernere
989 1546 1144 1619 possunt,
1159 1544 1270 1600 utrum
1285 1544 1401 1600 morte
1418 1536 1477 1599 cri·

257 1636 379 1701 minosi
401 1635 527 1701 laesum
551 1636 679 1713 ulcisei,
710 1657 752 1699 au
783 1658 857 1700 cum
887 1636 946 1699 illo
975 1637 1161 1722 transigere
1191 1638 1314 1705 malint.
1362 1638 1478 1723 Atque

168 1756 170 1760 ’
258 1736 386 1801 etiamsi
410 1737 638 1801 transactione
657 1736 695 1802 fit
709 1737 955 1814 reconciliatio,
977 1740 1234 1822 compositione,
1256 1758 1343 1825 quae
1369 1738 1477 1803 solvi·

256 1846 320 1916 tur,
336 1859 407 1902 nou
421 1847 498 1914 tam,
514 1846 552 1902 ut
572 1838 728 1903 damnum
752 1837 923 1924 quoddam
943 1828 1150 1916 restituatur,
1176 1861 1273 1927 quam
1297 1840 1422 1924 potius
1445 1848 1479 1903 ut

255 1961 333 2005 reus
363 1961 399 2005 se
429 1939 581 2026 injuriam
611 1939 733 2004 secisse
763 1940 964 2006 confiteatur
985 1940 1183 2027 laesumque
1205 1942 1362 2016 honoret,
1390 1942 1478 2026 peti·

255 2048 382 2123 turm).
417 2040 521 2123 Quae,
539 2062 640 2127 quum
662 2040 740 2104 talis
762 2041 807 2105 sit
821 2042 917 2107 notio
944 2064 1074 2128 poenae
1100 2052 1135 2107 et
1159 2042 1301 2118 indoles,
1329 2043 1478 2128 pupillo,

257 2144 383 2230 quippe
413 2141 471 2229 qui
501 2162 611 2230 neque
642 2142 788 2206 criminis
811 2143 876 2208 vim
901 2153 934 2209 et
955 2144 1127 2209 notionem
1151 2144 1338 2230 intelligere
1361 2165 1478 2229 neque

256 2245 378 2331 injuria
401 2266 437 2307 se
460 2242 613 2335 affectum
636 2242 761 2309 habere
785 2251 971 2331 potestu),
994 2246 1146 2331 praeberi
1169 2246 1294 2337 nequit.
1340 2242 1477 2323 Quare

258 2345 455 2431 propinqui,
480 2344 582 2430 quum
606 2366 726 2410 causas
749 2346 791 2411 de
814 2347 933 2433 pupilli
956 2347 1106 2412 laesione
1129 2356 1246 2434 agant,
1270 2346 1414 2411 crimine
1445 2369 1478 2410 se

258 2448 353 2533 ipsos
376 2446 497 2532 injuria
519 2445 660 2510 affectos
682 2446 807 2513 habere
830 2471 995 2535 suumque
1024 2450 1174 2535 ipsorum
1204 2447 1396 2512 ulciscendi
1423 2450 1478 2533 jus

259 2548 422 2634 prosequi
437 2547 603 2615 videntur.
649 2546 709 2612 Cui
725 2550 925 2635 respondet,
947 2548 1043 2637 quod
1063 2550 1173 2626 iidem,
1190 2551 1248 2636 qui
1269 2548 1312 2613 de
1335 2570 1478 2635 compo-

258 2650 381 2715 sitione
397 2648 561 2715 solvenda
582 2650 768 2716 decernunt
787 2673 928 2738 eamque
950 2652 1172 2724 constituunt,
1195 2652 1367 2736 accipiunt
1392 2673 1477 2739 quo-

258 2774 325 2840 que
340 2772 410 2817 eam
427 2758 461 2815 et
475 2771 538 2815 suo
550 2750 628 2837 jure
648 2750 846 2835 hebenus).
891 2753 924 2817 Is
939 2774 1031 2829 vero,
1055 2754 1113 2840 qui
1129 2752 1171 2817 ad
1195 2752 1358 2837 pupillum
1375 2754 1479 2818 bonis

259 2860 409 2942 egentem
425 2851 581 2921 alendum
604 2859 656 2917 est
670 2854 851 2941 obligatus,
873 2856 993 2920 sicum
1008 2876 1079 2919 non
1097 2861 1265 2919 sustentat
1285 2863 1481 2942 posteaque

259 2976 393 3021 causam
415 2962 556 3040 propter
576 2953 667 3019 illius
688 2955 872 3020 laesionem
895 2957 980 3044 agit,
995 2964 1034 3021 ut
1057 2956 1347 3040 compositionem,
1375 2978 1481 3042 quam

259 3056 466 3143 adipiscitur,
490 3057 519 3119 ei
543 3055 601 3142 qui
625 3055 789 3141 pupillum
813 3059 1025 3134 sustentavit,
1049 3066 1217 3143 tamquam
1241 3057 1481 3150 alimentorum

259 3158 565 3245 compensatiouem
582 3157 694 3222 tradat
710 3158 785 3245 eogi
803 3164 987 3244 potest¹³).
1033 3158 1110 3238 Qua
1129 3159 1204 3245 lege
1219 3158 1253 3222 id
1270 3158 1380 3222 solum
1402 3181 1480 3223 san·

260 3261 355 3337 citur,
372 3258 484 3324 alendi
505 3258 743 3345 obligationem
765 3269 927 3347 quantum
947 3260 1017 3325 fieri
1038 3260 1149 3346 possit
1172 3282 1248 3323 esse
1264 3257 1481 3343 explendam,

260 3383 371 3448 neque
386 3382 467 3426 vero
484 3362 688 3447 praecipitur
700 3362 980 3447 compositionem
995 3361 1029 3425 in
1041 3361 1161 3447 pupilli
1174 3359 1387 3426 commodum
1404 3383 1481 3426 esse

261 3462 532 3540 consumendam,
548 3484 624 3527 nam
639 3463 681 3528 ab
698 3485 749 3539 eo,
767 3465 825 3551 qui
841 3463 1005 3551 pupillum
1017 3461 1110 3527 alere
1125 3483 1193 3527 nou
1208 3459 1365 3538 debebat,
1392 3463 1481 3527 mul·

252 3576 327 3631 tam
343 3587 520 3651 reposcere
536 3566 700 3630 nonlicet
713 3570 771 3649 ¹⁴).
817 3566 966 3647 Quarum
987 3586 1096 3630 rerum
1118 3563 1208 3650 apud
1225 3572 1355 3628 ceteras
1371 3564 1481 3629 Scan·

332 3820 356 3890 ⁹)
375 3822 490 3873 Wildal.
504 3836 525 3873 e.
538 3838 564 3888 p.
579 3824 629 3874 264
641 3838 704 3887 sqq,
723 3826 774 3873 274
785 3838 850 3888 sqq,
863 3822 921 3874 748.

316 3907 357 3975 ¹⁰)
375 3905 469 3958 Wilda
480 3906 499 3959 1.
512 3920 535 3957 e.
546 3922 572 3972 p.
586 3908 650 3960 340,

316 3991 357 4061 ¹¹)
375 3993 465 4045 Wilde
476 3993 494 4043 l.
507 4008 529 4045 e.
542 4008 567 4058 p.
580 3995 631 4043 640
643 4006 699 4057 sqq.

322 4076 362 4147 ¹²)
380 4078 461 4146 areg.
474 4078 565 4144 Omag.
578 4076 604 4130 b.
612 4078 644 4129 25
655 4093 678 4129 e.
690 4075 787 4145 (bibl)
799 4077 874 4127 Hvar
884 4080 987 4143 passer
997 4073 1096 4141 apilpir
1107 4068 1171 4122 saka
1181 4071 1243 4123 bem
1255 4072 1334 4123 uudir
1344 4078 1384 4141 pu
1396 4091 1481 4135 menn,

262 4181 291 4216 er
308 4165 362 4231 sigi
378 4180 442 4214 roro
467 4163 566 4229 seyldir
582 4164 614 4215 til
631 4161 779 4214 itemforslo
796 4176 931 4229 omagaus,
949 4166 985 4228 pa
1002 4160 1062 4226 eigo
1081 4159 1140 4226 peir
1156 4164 1204 4226 pat
1220 4156 1258 4208 alt
1274 4175 1304 4209 er
1318 4176 1336 4210 a
1346 4162 1428 4212 fasse
1439 4176 1482 4211 um

262 4251 378 4300 rettafer
390 4250 476 4316 psirrs
487 4248 565 4299 mala.

317 4332 358 4402 ¹⁸)
374 4333 442 4386 lbid.
458 4332 481 4401 (Ι
499 4331 559 4401 280)
577 4333 613 4384 At
628 4334 700 4400 peirn
716 4348 759 4381 ma
778 4346 809 4382 oc
825 4331 925 4381 heimts
935 4329 1085 4381 forn-laun
1097 4334 1145 4396 apr
1156 4330 1281 4388 setta-ter,
1293 4344 1323 4378 er
1333 4327 1482 4395 logseytdir

262 4418 336 4485 hospi
348 4419 416 4470 verit
427 4418 458 4469 til
470 4418 616 4469 iramsorslo
628 4419 729 4485 peiner
740 4421 874 4483 omegpar,
886 4432 914 4467 er
925 4416 995 4466 hiuir
1005 4416 1067 4466 hafa
1078 4416 1196 4465 tramffirt
1207 4416 1236 4465 ef
1243 4411 1301 4480 pair
1312 4412 1395 4481 hospi
1406 4416 1434 4465 fe
1445 4413 1481 4464 til.

318 4501 359 4570 ¹⁴)
377 4503 495 4555 Ibid.·-
506 4504 547 4554 Eu
564 4504 657 4573 hvcrgi
674 4520 717 4553 me
734 4500 833 4553 heimta
847 4503 984 4555 fosmlauu
998 4517 1031 4553 ue
1047 4502 1199 4553 setta-furat
1216 4500 1287 4567 peirn
1305 4502 1437 4550 mouuom
1457 4516 1482 4550 er

263 4590 317 4658 sigi
328 4605 393 4642 voro
405 4589 504 4655 soyldir
514 4591 546 4641 til
558 4590 706 4641 framterslo
718 4594 852 4657 omegpar.
