3059 4967
621 402 663 467 39

47 604 98 668 dat
118 604 260 681 „mund“
282 612 342 669 aut
362 605 522 682 „mundr“
545 605 758 692 appellatum,
781 624 928 689 sponsae
943 602 1007 688 ipsi
1023 601 1124 666 tribui
1139 600 1252 666 multis

45 706 166 793 legibus
188 706 388 783 affirmatur,
412 716 515 794 atque
537 708 706 793 expressis
728 706 840 771 verbis
863 705 999 781 dieitur,
1027 725 1165 769 uxorem
1188 724 1251 768 suo

5 846 6 851 κ
41 807 110 892 jure
133 806 200 871 hoe
227 808 354 873 donum
381 832 525 885 sumere,
560 831 663 896 quum
689 808 854 893 conjuges
882 806 1005 871 loetum
1035 805 1252 870 conscendis·

47 908 182 983 sent⁵⁴t
226 911 339 998 Atque
356 910 447 997 apud
461 910 673 997 Norvegicos
696 930 765 974 non
781 909 877 973 aliter
890 930 959 971 rem
976 929 1012 971 se
1026 906 1160 983 habere,
1183 928 1254 970 non

46 1008 191 1095 negabis,
221 1012 250 1075 si
278 1012 378 1099 legis:
416 1011 508 1076 Scire
537 1033 601 1075 nos
628 1020 779 1096 oportet,
808 1009 949 1073 feminas
975 1008 1075 1072 nobis
1096 1006 1253 1073 emendas

47 1131 113 1174 esse
139 1133 198 1196 per
218 1112 375 1189 ‚,mund“,
399 1134 497 1199 quam
521 1113 565 1177 ob
588 1136 653 1177 rem
676 1114 727 1177 vir
751 1112 895 1198 pecunia
921 1110 1064 1197 quadam
1092 1108 1253 1185 „mundr“

46 1210 162 1295 pacisci
193 1213 296 1278 debet
327 1215 391 1277 sibi
422 1218 631 1297 uxorem⁵⁵).
690 1212 735 1278 Ut
765 1214 986 1299 desponsatio
1025 1209 1253 1284 contrahatur,

47 1334 176 1382 neeesse
198 1324 252 1379 est
272 1315 450 1380 definiatur
476 1336 588 1380 eoram
616 1316 833 1401 propinquis,
861 1315 983 1401 quida
1003 1314 1200 1399 parentibus
1222 1317 1255 1375 et

46 1414 120 1499 quid
144 1436 163 1477 a
187 1437 317 1501 sponso
344 1418 511 1481 tribuatur
537 1437 698 1501 sponsae,
733 1426 835 1503 atque
861 1415 1006 1493 „mund‘
1033 1416 1121 1479 hano
1146 1414 1254 1499 ipsam

46 1515 254 1583 donationem
278 1518 396 1603 sponsi
412 1516 457 1582 ad
472 1539 631 1603 sponsam
652 1518 888 1605 signifieat⁵⁶).
934 1518 999 1599 Qui
1021 1513 1255 1603 despondendi
1334 1530 1338 1535 ’

46 1618 170 1696 modus,
194 1642 297 1705 quum
319 1640 530 1706 nequaqnam
552 1619 698 1705 pendeat
719 1642 759 1683 ex
782 1622 893 1685 causis
914 1622 1038 1707 quibus
1059 1628 1092 1684 et
1108 1616 1255 1705 pupillo·

46 1741 112 1782 rum
136 1731 168 1784 et
191 1722 358 1808 virginum
383 1721 520 1785 tutelam
544 1722 634 1805 apud
661 1722 743 1785 alias
770 1731 888 1808 gentes
913 1723 1010 1787 aliam
1036 1720 1156 1786 factam
1181 1740 1256 1784 esse

5 1862 6 1865 =
47 1825 279 1907 eognovimus,
307 1822 393 1887 idem
419 1823 584 1908 reperitur
610 1825 644 1886 in
671 1824 826 1887 omnibns
848 1824 1146 1889 Scandinaviorum
1167 1820 1256 1907 juris

46 1920 265 1997 sontibus⁵⁷).
323 1922 424 2007 Apud
455 1924 648 2011 Su'eogotos
679 1924 773 1989 solos
804 1926 1041 2011 desponsatori
1070 1944 1207 2011 quoque
1237 1942 1254 1983 a

46 2045 167 2109 sponso
187 2024 368 2109 praebetur
383 2023 507 2089 donum
526 2026 713 2113 „vingiaef“
735 2028 754 2091 i.
773 2050 799 2091 e.
817 2028 911 2091 amici
929 2028 1066 2091 donatio
1083 2031 1256 2097 vocatum

45 2126 75 2189 id
97 2127 189 2212 quod
211 2126 304 2190 illum
328 2147 398 2189 eam
422 2128 466 2191 ob
491 2150 623 2191 eausam
653 2128 805 2212 accipere
833 2128 926 2215 leges
955 2128 1145 2215 proferunt,
1176 2125 1256 2212 quia

46 2228 318 2313 compositionem
343 2248 405 2313 pro
433 2228 570 2305 femina,
602 2251 688 2316 quae
715 2230 858 2314 pecunia
883 2237 1009 2302 eareat,
1040 2228 1161 2292 debeat
1186 2224 1255 2289 sol·

45 2332 188 2413 verost).
235 2328 330 2409 Quae
346 2330 570 2415 obligationes
587 2337 619 2395 et
633 2331 712 2416 jura
728 2353 769 2395 ex
786 2331 1049 2417 desponsatione
1064 2322 1256 2404 nascantur,

48 2450 111 2515 qua
148 2451 260 2516 poena
295 2452 498 2515 sponsorum
535 2432 678 2519 quisque
709 2431 875 2496 afficiatur
903 2433 931 2495 si
961 2431 1257 2518 desponsationem

5 2590 6 2596 ,
45 2531 165 2617 injuria
187 2531 354 2597 dissolvat
376 2541 434 2598 aut
455 2535 590 2619 nuptias
611 2532 859 2599 contrahendas
881 2532 1024 2610 differat,
1048 2542 1150 2619 atque
1171 2552 1258 2618 quae

48 2634 180 2697 omnino
200 2633 260 2697 illa
283 2631 479 2711 efficiantur,
506 2635 637 2710 intueri,
659 2658 761 2721 quum
783 2657 804 2698 a
824 2636 929 2700 tutela
954 2658 1053 2722 quam
1076 2644 1257 2699 tractamus

44 2735 237 2811 abhorreat,
264 2743 385 2811 restat,
413 2745 451 2801 ut
477 2736 544 2801 hoc
567 2736 645 2801 loeo
668 2734 893 2822 proferamus,
919 2737 1152 2825 antiquissimo
1176 2743 1258 2798 tem·

47 2858 128 2921 pore
144 2838 409 2922 desponsatione
424 2860 493 2902 non
510 2860 639 2903 omnem
656 2838 789 2923 quidem
805 2838 943 2925 virginis
960 2838 1096 2903 tutelam
1113 2838 1172 2901 sed
1189 2837 1257 2900 sin-

43 2938 118 3023 gula
134 2938 297 3025 quaedam
315 2940 430 3003 tuendi
446 2939 581 3025 negotia
597 2939 637 3002 ad
655 2960 818 3025 sponsum
834 2962 908 3004 esse
925 2940 1057 3005 delata⁵
1068 2944 1106 3025 ⁹).

95 3142 139 3209 64)
160 3144 237 3210 erog.
251 3143 321 3195 Fert.
334 3148 359 3209 p.
374 3144 406 3194 50
420 3158 441 3196 o.
460 3143 501 3210 (1.,
514 3142 582 3211 370).
599 3172 634 3181 -
651 3151 686 3213 pa
699 3162 727 3196 er
738 3146 786 3198 biu
797 3162 872 3197 ooma
883 3145 962 3213 baepi
974 3147 984 3195 i
996 3147 1056 3197 eina
1066 3146 1167 3211 ersing,
1186 3151 1213 3194 at
1224 3149 1260 3211 pa

42 3244 68 3277 er
80 3225 147 3279 kono
160 3224 260 3277 heimill
273 3228 368 3278 muudr
379 3230 445 3290 sirm,
458 3244 489 3279 oe
500 3212 549 3279 sva
560 3231 648 3280 vextir
659 3233 689 3281 af
696 3233 722 3281 se
734 3233 780 3296 pri
793 3228 853 3293 5110,
865 3248 894 3281 er
904 3232 982 3283 hanni
996 3249 1024 3281 er
1037 3231 1116 3281 maelt
1127 3231 1138 3279 i
1150 3229 1260 3279 mundar

42 3314 150 3375 malom;
169 3312 232 3365 ibid.
247 3317 277 3362 27
292 3328 314 3374 e,
328 3314 368 3375 (1.,
382 3311 456 3380 329);
475 3316 581 3383 pingsk.
595 3321 620 3382 p.
635 3319 667 3364 42
681 3332 702 3365 o.
718 3316 757 3379 (1.,
775 3317 847 3380 126);
866 3318 950 3381 Kaup
964 3317 989 3365 b.
1001 3318 1016 3366 9
1029 3332 1051 3367 o.
1066 3316 1097 3380 (I.
1108 3315 1185 3379 411);
1204 3316 1258 3367 Ars.

42 3403 66 3463 p.
82 3403 95 3448 2
109 3415 131 3450 o.
147 3399 187 3462 (1,
203 3399 271 3461 174).
294 3398 373 3447 tems
385 3398 554 3466 Kvenogptg.
570 3404 619 3451 2ο.

97 3482 140 3548 ⁵⁵)
160 3482 235 3533 Aeld.
250 3476 291 3533 ol.
305 3482 335 3535 L.
348 3484 379 3533 51
394 3484 438 3546 (1,
447 3488 498 3547 27).
524 3486 577 3534 Dat
589 3502 616 3535 er
632 3500 668 3534 mr
681 3486 727 3550 pvi
738 3492 797 3536 nest
809 3491 837 3535 at
848 3484 896 3535 ve'r
907 3485 1007 3535 scoiom
1018 3493 1063 3550 pat
1075 3485 1131 3533 vita
1142 3480 1259 3549 hvessug

43 3566 88 3616 ve'r
101 3567 201 3617 soolom
214 3567 297 3618 kouor
308 3568 396 3634 kaupo
408 3570 465 3618 med
487 3568 585 3630 mundi,
602 3584 662 3634 pess
681 3576 707 3619 at
723 3570 790 3621 barn
807 3586 835 3619 se
853 3572 963 3635 erigent,
979 3584 1015 3637 pa
1031 3570 1086 3619 soal
1103 3569 1178 3620 madr
1193 3572 1260 3619 festa

42 3652 101 3702 med
114 3652 184 3702 kouo
197 3654 275 3716 peirri
287 3653 346 3702 Xll.
365 3668 429 3705 aura
447 3652 528 3721 oreigi
544 3652 633 3716 mund,
649 3670 681 3705 oo
693 3654 762 3704 bava
774 3654 819 3703 vid
832 3661 876 3720 pat
887 3660 959 3704 vatta
971 3670 1003 3705 oo
1015 3653 1082 3705 have
1100 3655 1169 3704 hanu
1183 3654 1260 3705 brud-

43 3752 101 3787 men
114 3753 147 3787 en
159 3735 212 3787 hon
224 3738 383 3790 brudkonor.

97 3821 283 3887 56)11.ιι.55.

98 3906 140 3971 οἵ)
160 3907 219 3974 Wg.
230 3909 259 3958 L.
268 3910 290 3960 Ι.
303 3907 374 3973 Gipt.
385 3906 410 3957 b,
423 3910 445 3956 2.
459 3906 500 3969 (1,
510 3904 562 3971 32).
587 3904 692 3957 Bondae
705 3922 752 3956 son
765 3907 804 3957 vil
815 3922 873 3958 saer
883 3905 951 3957 bono
964 3906 1068 3972 bydiae,
1078 3904 1131 3956 han
1143 3906 1202 3956 skal
1214 3906 1260 3956 hin

42 3988 209 4057 siryldaestae
219 3998 246 4043 at
255 3993 337 4041 hittae
347 3991 381 4041 ok
391 3990 444 4040 hou
457 3990 529 4041 sinae
542 3990 634 4055 byriae
646 3990 698 4041 han
709 3994 890 4059 faesmaepaer
901 4000 1021 4043 staemnu
1032 3992 1126 4057 leggae
1138 4008 1154 4041 a
1165 3989 1259 4041 brenni

42 4077 102 4127 skal
113 4078 146 4127 til
157 4079 199 4127 sae
216 4077 318 4144 aighiae
336 4090 453 4125 naennae
465 4076 523 4126 iord
535 4092 584 4127 aen
596 4077 627 4127 til
645 4092 689 4127 aer
707 4077 741 4128 ok
759 4078 797 4128 ait
814 4083 876 4145 pret
891 4078 969 4143 giras
986 4075 1047 4139 vill;
1065 4077 1128 4128 ibid.
1141 4078 1174 4129 II.
1189 4078 1258 4142 Gipt

41 4161 67 4211 b.
82 4157 231 4229 2(1.,144).
256 4162 305 4228 Og.
319 4162 349 4211 L.
362 4162 432 4227 Gipt.
449 4161 475 4213 b.
492 4165 502 4210 1
517 4176 572 4227 sqq.
590 4157 634 4227 (11.
649 4163 681 4212 96
694 4160 759 4230 sqq.)
777 4179 803 4213 v.
814 4178 840 4212 n.
858 4164 904 4224 583
922 4162 965 4212 Er.
978 4162 1043 4228 Reg.
1063 4162 1093 4213 1..
1106 4162 1161 4213 ste]
1177 4163 1207 4225 I.,
1224 4164 1258 4212 48

41 4244 94 4313 (ΙΙ,
108 4244 159 4313 59),
183 4247 263 4313 Jysk.
274 4247 304 4299 L.
316 4246 346 4309 1.,
362 4249 400 4309 15,
414 4248 446 4297 33
459 4245 526 4309 (111,
539 4248 580 4309 36,
593 4244 644 4313 70).

95 4330 138 4396 ⁵⁸)
159 4328 221 4399 Wg.
234 4331 264 4385 L.
277 4332 312 4383 11.
326 4332 421 4398 Draep.
435 4330 461 4381 b.
474 4330 508 4383 11.
520 4328 560 4397 (L,
575 4329 633 4398 126)
648 4358 679 4368 -
694 4336 731 4399 py
743 4331 835 4381 takaer
846 4330 958 4397 bropaer
968 4331 1088 4398 vingiaot
1098 4330 1188 4382 athan
1200 4332 1259 4382 skal

41 4415 99 4468 fbro
115 4421 207 4483 molier
223 4416 305 4467 aeller
321 4423 408 4483 eyator
425 4416 518 4466 satum
535 4432 627 4467 avarae
646 4415 681 4466 ok
697 4414 758 4465 land
776 4416 844 4481 flyae
856 4432 905 4467 aen
917 4433 965 4466 sva
981 4417 1092 4469 lrombee
1103 4418 1146 4481 til;
1163 4414 1225 4469 ibid.
1239 4419 1259 4469 1.

44 4502 114 4567 Gipt.
128 4501 153 4553 b.
168 4506 182 4551 2
196 4499 235 4568 (1.,
248 4499 299 4568 32),
312 4503 368 4564 111,
381 4504 415 4553 56
428 4498 468 4568 (1,
480 4501 549 4565 263).
574 4500 634 4567 Upl.
646 4501 676 4551 L.
692 4497 747 4549 Ars.
759 4499 786 4551 b.
802 4504 813 4549 1
827 4499 897 4564 (111,
910 4501 979 4566 103).

80 4584 124 4651 ⁵⁹)
143 4585 223 4653 Grag.
236 4587 305 4639 Fest.
318 4590 345 4652 1).
359 4588 374 4636 8
386 4601 409 4639 o.
423 4583 462 4652 (1,
475 4582 545 4649 318).
570 4583 646 4638 Aeld.
660 4584 701 4637 Gl.
715 4584 744 4635 L.
758 4587 791 4635 51
805 4583 845 4650 (1.,
857 4585 910 4649 28).
