3059 4967
831 388 972 491 rs.

242 589 372 675 pupillo
390 589 506 659 adulto
524 589 647 655 sarcire
668 587 791 652 debeat
805 586 898 653 haud
914 588 1051 654 dubium
1067 599 1130 668 est,
1146 612 1349 679 quamquam
1364 592 1457 679 leges

241 672 305 755 liae
322 691 364 755 de
379 712 415 755 re
431 712 539 777 pauca
555 699 685 756 tantum
702 690 983 775 constituunt28).
1001 727 1039 739 -
1055 692 1094 757 ln
1110 694 1200 755 omui
1216 714 1296 757 cura
1309 694 1459 779 gerenda

241 793 508 879 propinquorum
531 804 623 881 areta
646 792 902 878 conjunctione,
924 813 1067 877 quorum
1090 794 1235 880 quisque
1251 794 1457 859 subsidiaria

241 914 374 963 eausam
397 894 533 980 gerendi
549 895 626 980 jure
641 896 761 971 utitur,
785 892 964 977 pupilloin
987 902 1174 961 curatorem
1189 897 1298 979 ipsum
1317 896 1459 979 praebe·

240 1005 296 1061 tur
316 994 530 1081 praesidium.
574 994 658 1080 Nam
682 995 866 1081 propinqui
886 996 1142 1081 prospicientes,
1165 1017 1206 1065 ne
1223 996 1458 1060 detrimentum

243 1096 354 1181 capiat
376 1096 537 1181 pupillus,
562 1095 746 1161 observant
769 1104 966 1177 curatorem,
990 1106 1093 1184 atque
1116 1116 1157 1159 eo
1181 1097 1275 1181 quod
1299 1098 1458 1181 probant,

239 1197 332 1261 illum
348 1219 403 1261 res
420 1196 539 1282 pupilli
555 1197 639 1263 male
653 1218 779 1283 gerere,
796 1195 954 1274 efficiunt,
969 1206 1007 1263 ut
1022 1197 1114 1262 bona
1128 1196 1158 1261 ei
1175 1196 1370 1263 auferantur
1385 1198 1459 1263 alii-

242 1320 308 1385 que
328 1297 574 1383 tradantur29).
621 1294 754 1376 Quare
774 1319 844 1361 non
865 1298 982 1363 mirum
1004 1308 1071 1375 est,
1095 1297 1190 1385 quod
1210 1297 1324 1363 fontes
1346 1309 1461 1365 certas

241 1419 371 1475 causas,
402 1397 526 1485 quibus
557 1405 692 1464 curator
719 1406 943 1476 removeatur,
973 1422 1042 1463 non
1073 1398 1231 1484 produnt.
1277 1400 1316 1463 ld
1346 1411 1462 1464 autem

240 1501 376 1583 omuino
406 1498 460 1565 his
488 1520 626 1586 quoquo
641 1498 675 1563 iu
703 1500 805 1563 rebus
827 1507 977 1585 apparet,
998 1502 1047 1565 rei
1068 1490 1225 1586 publicae
1254 1501 1321 1564 vim
1350 1501 1461 1588 magis

238 1602 413 1689 magisque
438 1600 582 1666 familiae
613 1598 817 1686 praesidium
848 1599 1062 1686 supplevisse
1098 1624 1238 1688 eamque
1274 1603 1460 1687 posteriori

239 1711 390 1791 tempore
413 1702 545 1789 pupillo
561 1701 730 1780 auxilium,
747 1723 817 1788 quo
833 1702 963 1791 egebat,
979 1703 1174 1789 praebuisse
1186 1708 1246 1785 ³⁰).

302 1905 331 1971 2.
355 1904 478 1971 Tutela
494 1914 597 1990 quum
613 1903 850 1991 antiquissimo
871 1910 1022 1990 tempore
1043 1912 1152 1969 atota
1172 1903 1298 1969 familia
1319 1913 1461 1989 geratur

239 2005 424 2093 tuendique
452 2027 591 2071 munera
621 2006 708 2069 sicut
738 2004 823 2070 aliae
845 2006 1148 2093 consanguinitatis
1168 2006 1400 2093 obligationes
1427 2014 1462 2069 et

233 2107 313 2193 jura
338 2126 401 2193 pro
430 2106 564 2171 diversa
589 2128 703 2171 eorum
724 2113 846 2170 natura
866 2106 1008 2173 diversis
1031 2108 1221 2172 tribuantur
1242 2107 1460 2193 propinquis,

239 2210 405 2275 bonorum
428 2228 509 2273 cura
529 2214 683 2285 tractata,
707 2207 935 2293 quaerendum
957 2230 1033 2273 esse
1053 2216 1204 2293 apparet,
1227 2230 1248 2271 a
1272 2208 1397 2293 quibus
1426 2218 1462 2272 et

239 2307 561 2396 quomodopupillo
578 2330 616 2373 ca
631 2308 751 2384 tutela,
775 2331 863 2396 quae
884 2317 1015 2395 praeter
1035 2310 1201 2376 bonorum
1217 2331 1329 2374 euram
1351 2309 1381 2371 ei
1405 2319 1461 2375 est

242 2408 442 2483 neccssaria,
459 2408 667 2499 praebeatur.
711 2410 824 2496 Atque
839 2412 873 2475 in
889 2418 1049 2496 promptu
1064 2423 1145 2477 sunt
1159 2420 1363 2497 argumenta,
1379 2412 1459 2496 qui-

240 2510 306 2575 bus
322 2508 508 2595 probantur
523 2530 674 2597 eaquae
688 2511 731 2575 de
747 2512 912 2597 separatis
930 2512 1056 2579 tutelae
1074 2512 1226 2597 partibus
1243 2510 1459 2597 protulimus.

239 2594 335 2677 llltio
352 2610 437 2675 enim
453 2609 575 2697 pupilli
591 2610 634 2675 ob
651 2611 788 2677 crimina
802 2612 837 2676 in
855 2634 930 2677 eum
945 2614 1123 2678 commissa
1138 2613 1291 2699 sejuncta
1311 2612 1458 2698 suscipi·

241 2720 297 2778 tur
320 2711 527 2779 abonorum
551 2734 640 2792 cura,
663 2712 737 2777 aliis
760 2713 963 2801 propinquis
986 2714 1130 2799 aliisque
1152 2714 1342 2784 rationibus
1371 2735 1458 2777 con·

238 2834 343 2880 cessa.
389 2811 482 2893 Quas
508 2833 562 2887 res
595 2836 697 2900 quum
719 2815 910 2880 accuratius
931 2815 1055 2884 intueri
1076 2814 1288 2889 studeamus,
1315 2816 1357 2879 ab
1379 2815 1458 2880 aliis

237 2914 431 2981 criminibus
440 2912 601 3003 distingui
614 2916 1022 3001 oportetinterfectionem
1030 2915 1160 3002 pupilli.
1186 2915 1459 2982 Interfectienim

236 3015 398 3095 ultionem
429 3016 500 3079 sive
531 3016 637 3079 adulti
660 3016 732 3080 sive
754 3018 876 3103 pupilli
898 3017 1023 3082 familia
1045 3018 1197 3102 suscipit,
1222 3039 1332 3103 neque
1355 3018 1459 3104 quid·

237 3137 337 3203 quam
368 3114 516 3209 eiiuest
538 3116 713 3202 pupillaris
744 3140 844 3204 quam
874 3128 1057 3183 tractamus
1080 3118 1206 3182 tutelae
1228 3118 1400 3204 proprium
1419 3122 1459 3201 ¹).

236 3216 363 3285 Eadem
379 3225 489 3281 autem
504 3216 638 3294 familia,
655 3219 743 3283 sicut
765 3219 876 3282 necati
890 3218 1075 3284 ulciscendi
1091 3226 1204 3305 partes
1220 3220 1379 3304 suscipit,
1395 3221 1461 3305 qui

235 3318 309 3405 ipse
334 3318 513 3405 quominus
537 3324 615 3404 agat
643 3328 750 3385 morte
774 3328 826 3385 est
854 3318 1062 3406 prohibitus,
1085 3322 1133 3386 ita
1156 3321 1254 3385 etiam
1278 3318 1459 3405 pupillum,

237 3419 364 3506 quippe
381 3440 479 3505 quem
494 3427 635 3506 propter
654 3420 854 3506 pupillarem
870 3429 1011 3486 aetatem
1027 3422 1140 3488 deficit
1153 3422 1299 3488 facultas
1320 3423 1458 3508 agendi,

236 3521 364 3587 laesum
388 3520 546 3586 vindicat.
592 3520 730 3601 lisdem,
754 3524 813 3610 qui
835 3523 880 3587 ob
904 3522 1089 3609 propinqui
1111 3523 1247 3590 caedem
1270 3532 1386 3610 agunt,
1420 3533 1461 3588 ut

179 3650 184 3654 ·
237 3643 339 3687 causa
354 3622 396 3686 de
412 3622 618 3707 pupillorum
640 3626 857 3711 aggressione
872 3624 928 3689 vel
948 3624 1100 3691 laesione
1120 3626 1251 3713 agenda
1272 3623 1461 3703 deferatur,

235 3722 328 3811 leges
344 3722 577 3808 praescribunt
588 3728 616 3804 ²)
633 3732 682 3803 et,
706 3747 810 3812 quum
829 3726 1094 3814 propinquitatis
1110 3726 1217 3814 gradu
1231 3725 1299 3791 hoc
1315 3748 1460 3813 quoque

273 4042 316 4112 ¹⁸)
334 4045 368 4095 V.
379 4060 404 4096 n.
421 4049 461 4095 27.

272 4126 315 4196 ²⁹)
333 4128 364 4183 V.
377 4146 403 4183 rr.
416 4146 441 4183 n.
454 4133 494 4195 23,
507 4134 547 4184 24.

274 4212 316 4281 10)
337 4214 366 4267 V.
378 4232 404 4268 n.
417 4232 443 4267 n.
457 4218 497 4269 23.
512 4218 553 4267 24.

293 4297 316 4368 ¹)
335 4299 442 4351 Wildal.
455 4314 478 4351 o.
491 4315 516 4365 p.
530 4301 580 4350 366
592 4327 627 4335 -
639 4301 698 4353 398.

292 4382 317 4453 ²)
337 4385 416 4453 drag.
429 4383 513 4451 Vigsl.
527 4386 559 4434 70
571 4400 594 4437 o.
612 4384 658 4449 (11,
679 4381 738 4451 111)
755 4384 792 4434 Εἰ
806 4380 908 4451 hlaupit
919 4402 948 4437 er
959 4385 990 4436 til
1002 4399 1088 4452 angra
1097 4400 1193 4435 manua
1204 4390 1253 4451 epr
1264 4385 1341 4437 unnit
1352 4401 1368 4435 a
1379 4388 1455 4454 paim

237 4485 265 4520 or
277 4470 330 4536 eigi
344 4470 403 4537 eiga
421 4471 508 4537 forrap
525 4469 573 4520 fiar
588 4470 651 4533 eius,
668 4474 705 4537 pa
720 4485 736 4519 a
753 4485 784 4521 sa
800 4474 876 4537 mapr
893 4475 938 4522 abc
955 4476 991 4539 pa
1003 4487 1032 4523 er
1043 4471 1135 4538 rigate
1147 4472 1211 4521 aetti
1228 4471 1295 4536 eptir
1306 4474 1342 4537 pa
1354 4472 1383 4521 ef
1394 4472 1455 4539 peir

236 4570 292 4605 ven
304 4570 405 4621 regurr.
