3059 4967
643 408 682 478 13

57 612 303 679 administrandi
326 636 465 680 munere
485 613 646 702 fungatur
660 614 752 701 leges
768 613 1011 699 praescribunt.
1056 612 1142 679 Nam
1157 616 1266 696 diver·

56 719 97 781 sis
119 718 241 783 tutelae
261 718 472 799 muneribus,
494 716 582 782 sicut
602 715 836 792 intelleximus,
860 714 1051 801 conjunctis
1067 724 1101 781 et
1114 719 1172 782 uni
1187 740 1267 805 pro·
1313 701 1318 717 ¹

56 820 249 905 pinquorum
267 820 445 885 concessis
469 840 570 904 quum
592 816 745 893 feminae,
770 818 896 903 quippe
917 838 1004 903 quae
1026 838 1095 881 nou
1111 820 1267 885 omnibus

57 923 163 986 tuendi
177 922 375 987 muneribus
388 921 481 1008 fungi
500 930 653 1005 possunt,
670 920 711 981 ab
725 919 1013 983 administratione
1024 920 1189 985 bonorum
1201 924 1269 987 sint

56 1032 203 1099 remotae,
231 1024 342 1087 virilis
366 1032 495 1088 tantum
517 1042 618 1086 sexus
641 1019 757 1085 heredi
780 1022 934 1105 proximo
957 1020 1155 1087 conceditur
1176 1045 1265 1100 cura,

57 1126 249 1211 praepositis
273 1126 410 1211 agnatis
431 1126 518 1189 inter
539 1137 613 1198 eos,
639 1122 697 1206 qui
719 1121 837 1185 eodem
858 1120 963 1207 gradu
982 1129 1063 1186 sunt
1083 1124 1265 1211 conjuncti,

57 1238 150 1313 atque
172 1248 305 1304 eornm,
337 1228 367 1291 si
389 1225 579 1305 complures
603 1232 697 1298 sunt,
727 1222 976 1309 Sueogotorum
1005 1221 1098 1311 leges
1110 1227 1138 1307 ⁷)
1161 1228 1265 1311 aptis-

58 1330 163 1393 simum
180 1329 351 1404 omnibus,
367 1327 572 1391 Danicornm
582 1327 611 1404 ⁸)
635 1328 798 1388 seniorem
814 1324 942 1408 juniori
957 1324 1117 1409 praeferri
1134 1326 1262 1392 volunt.

57 1429 146 1494 ldatri
169 1431 234 1495 soli
262 1440 303 1494 ut
325 1429 440 1493 liberis
464 1425 613 1491 curando
642 1424 829 1511 prospiciat
861 1427 1078 1510 permittitur,
1107 1427 1142 1491 id
1171 1430 1276 1518 qnod

58 1541 215 1617 tamquam
237 1530 411 1617 singulare
433 1528 561 1614 aliquid
581 1527 729 1593 Denicae
749 1526 842 1613 leges
863 1548 905 1590 eo·
926 1525 1095 1611 explicare
1117 1530 1265 1608 student,

58 1633 142 1717 quod
157 1633 298 1707 addunt,
321 1632 413 1696 illam
433 1630 560 1695 liberos
581 1650 763 1714 eorumque
784 1628 875 1691 bona
896 1649 1010 1714 regere
1029 1648 1099 1692 non
1121 1638 1186 1693 tam
1202 1653 1266 1695 suo

53 1734 121 1818 jure
136 1756 232 1821 quam
249 1735 366 1820 potius
382 1730 516 1818 pietatis
535 1730 664 1795 ratione
682 1728 846 1794 suadente
863 1738 896 1793 et
911 1730 955 1793 ob
972 1730 1102 1816 justum
1121 1730 1265 1797 filiorum

58 1835 256 1919 solatium9).
302 1838 417 1923 Atque
441 1853 543 1919 quum
562 1832 698 1905 omniuo
720 1831 901 1917 posteriori
920 1840 1070 1917 tempore
1096 1832 1266 1899 deminuta

57 1936 190 2001 familiae
205 1938 317 2023 ipsius
343 1956 423 1999 cura
444 1933 576 2020 legibus
598 1934 703 2020 magis
722 1934 855 2019 pupillo
880 1934 1113 2020 prospiciatur,
1137 1936 1265 2000 cautio-

57 2060 137 2114 nem,
161 2061 201 2103 ne
224 2040 319 2103 bona
341 2036 590 2115 deminuautur,
614 2048 749 2101 curator
770 2035 930 2122 praebere
951 2035 1060 2099 debet.
1105 2034 1201 2115 Quae
1221 2038 1263 2102 de

57 2161 90 2201 ea
104 2138 261 2203 deficiunt
277 2146 458 2223 praecepta
472 2137 507 2200 in
519 2136 743 2224 Suegotorum
753 2138 842 2224 jure,
859 2136 1061 2221 supplentur
1077 2144 1110 2201 et
1124 2138 1169 2201 iis‘
1180 2139 1262 2227 legi·

56 2241 124 2317 bus,
140 2262 225 2327 quae
240 2238 385 2305 fundum
401 2238 590 2304 abalienare
606 2239 736 2315 nolunt,
754 2250 788 2303 et
803 2262 842 2303 eo
860 2238 953 2325 quod
967 2260 1076 2303 rerum
1092 2240 1263 2305 mobilium

58 2343 285 2407 communione
307 2341 413 2405 utitur
434 2346 568 2431 curator
594 2362 668 2407 oum
690 2340 898 2427 pupillo¹⁰);
921 2340 983 2405 sed
1003 2339 1093 2426 apud
1112 2340 1262 2407 Danicos

56 2463 89 2508 nt
109 2454 241 2509 curator
264 2465 348 2528 opes
369 2442 412 2506 ad
433 2442 618 2507 cavendum
637 2442 813 2529 possideat
832 2463 971 2507 necesse
991 2438 1204 2525 habetur11).
1220 2482 1262 2494 --

56 2545 142 2608 Bona
163 2553 347 2631 postquam
363 2566 383 2607 a
399 2545 609 2629 propinquis,
633 2566 721 2631 quos
743 2543 829 2609 alios
845 2543 935 2628 apud
951 2542 1032 2607 alias
1048 2554 1166 2632 gentes
1182 2568 1261 2631 pro-

56 2647 193 2725 tulimus,
221 2646 371 2711 curanda
394 2654 474 2709 sunt
496 2653 663 2731 suscepta,
687 2646 792 2731 priori
813 2653 964 2730 tempore
985 2646 1164 2732 praecipue
1187 2648 1261 2713 aliis

53 2749 248 2845 propinquis
275 2747 508 2833 praesentibus
535 2755 569 2812 et
592 2746 841 2832 adjuvantibus,
874 2756 995 2832 postea
1020 2750 1125 2836 magis
1145 2751 1263 2837 judice

55 2852 288 2926 consentiente,
305 2847 477 2935 quomodo
488 2849 718 2917 administrata
730 2848 808 2925 sint,
824 2848 853 2912 si
865 2849 1126 2929 consideramus,
1142 2852 1260 2917 iterum

54 3039 250 3051 m

99 3155 123 3218 ⁷)
141 3156 201 3225 Wg.
214 3158 245 3209 L.
258 3156 292 3209 11.
305 3157 367 3211 Arr.
381 3156 405 3211 b.
416 3156 461 3211 v1.
474 3156 507 3220 (Ι.
519 3175 544 3224 p.
556 3157 616 3224 135)
631 3185 662 3196 -
675 3156 778 3227 pascal
790 3164 859 3225 paen
871 3157 1138 3228 scyldestisaepsrnis
1150 3162 1257 3216 fruenda

53 3240 80 3290 til
88 3244 143 3310 ripa
153 3240 185 3292 ok
196 3259 256 3293 scae
266 3242 330 3293 horo
340 3242 437 3293 barnae
448 3246 593 3310 paeningae
605 3246 674 3294 farae
683 3272 718 3280 —
727 3246 805 3310 Iapur
815 3244 911 3311 broper
921 3245 980 3296 skal
991 3246 1071 3297 barnz
1083 3249 1151 3298 male
1159 3250 1260 3301 maelaa

53 3351 80 3362 ·-
94 3342 120 3377 cr
131 3333 223 3395 moper
240 3327 318 3393 sapor
335 3325 365 3377 til
382 3344 415 3393 pa
427 3329 485 3378 skal
502 3329 554 3379 heu
570 3334 635 3395 rapa
651 3328 686 3378 ok
702 3328 745 3393 eig
762 3329 839 3394 fapnr
851 3328 955 3395 breper,
973 3346 1001 3380 er
1011 3332 1090 3397 fapur
1100 3335 1170 3400 sapit
1181 3336 1211 3386 til
1224 3342 1260 3403 pa

52 3408 106 3461 slral
121 3410 170 3463 lran
183 3418 250 3479 rapa
262 3410 295 3463 ok
308 3414 351 3479 eig
363 3419 454 3480 moper
465 3416 539 3479 saper
556 3439 591 3450 -
606 3413 701 3479 biuper
717 3418 808 3479 moper
824 3413 900 3464 baest
915 3413 946 3463 til
961 3414 1082 3482 faeleegh
1098 3421 1134 3482 pa
1149 3434 1195 3469 aer
1206 3420 1259 3471 hon

51 3502 121 3546 naest
136 3524 162 3534 ··
176 3496 216 3547 vil
229 3496 283 3547 hun
296 3499 339 3564 eig
351 3514 399 3549 sva
411 3504 474 3565 glire
486 3504 521 3565 pa
533 3515 577 3549 aer
588 3504 656 3565 paen
668 3504 743 3547 naest
755 3514 800 3547 aer
811 3498 886 3548 baest
897 3497 993 3564 biuper
1004 3499 1046 3561 til;
1069 3501 1130 3568 wg.
1143 3504 1172 3552 L.
1185 3506 1257 3572 Arlp.

53 3578 74 3631 b.
88 3583 106 3635 I.
118 3599 172 3648 sqq.
187 3582 220 3648 (Ι.
232 3596 256 3647 p.
271 3586 303 3631 24
316 3581 396 3649 sqq.);
422 3583 470 3651 Og.
483 3585 513 3634 L.
526 3584 639 3651 Epzs'o're
651 3584 758 3645 xvm,
770 3583 842 3634 XIX.
862 3584 907 3650 (Π.
920 3600 946 3649 p.
961 3583 1019 3650 ³8);
1037 3585 1101 3637 ibid.
1120 3588 1219 3643 Ruefst.
1232 3591 1258 3646 b.

51 3666 106 3719 Xll.
120 3668 164 3733 (ΙΙ.
178 3683 203 3732 p.
218 3666 288 3730 175).

101 3752 125 3817 ⁸)
144 3751 226 3804 Andr.
239 3752 301 3803 Suu.
314 3752 365 3818 leg.
380 3752 451 3803 Skan
462 3754 534 3806 XXI.
548 3753 579 3818 (Ι.
591 3769 615 3818 p.
631 3750 683 3817 18).
718 3751 761 3803 Ad
773 3752 882 3802 tutelam
893 3752 1036 3819 impuberis
1048 3761 1163 3807 tutorum
1175 3758 1260 3826 legiti-

52 3851 105 3887 mus
116 3838 242 3888 invitatur
253 3838 281 3886 in
293 3838 475 3902 conjunctione
492 3838 627 3903 sanguinis
645 3838 669 3887 ei
685 3838 843 3902 quicumque
860 3838 995 3903 proximus
1012 3840 1151 3893 iuvenitur.
1188 3844 1260 3895 Inter

52 3921 134 3985 plnres
151 3939 214 3973 vero
233 3938 298 3987 eque
317 3924 470 3988 coujunctos
488 3930 514 3974 et
530 3938 632 3974 ex.una
649 3929 721 3988 parte
739 3928 841 3972 tantum
857 3924 885 3972 iu
902 3923 1040 3974 subeunda
1058 3926 1141 3977 tutela
1157 3944 1260 3995 semper

51 4009 173 4069 prefertur
185 4007 315 4073 antiquior
323 4007 430 4071 juniori,
442 4008 510 4059 iuter
522 4024 587 4073 eque
600 4008 752 4073 conjunctos
764 4007 810 4058 sed
823 4025 856 4058 ex
868 4014 978 4073 unaque
988 4016 1061 4074 parte
1073 4018 1184 4077 agnatus
1196 4012 1260 4065 licet

51 4092 82 4139 sit
90 4094 178 4156 junior
190 4098 301 4159 cognato
314 4092 464 4157 preponitur
471 4094 591 4159 quamvis
602 4093 682 4143 etiam
692 4094 800 4157 seniori3
812 4094 855 4143 Er.
866 4092 929 4159 ch.
940 4093 971 4142 L.
980 4093 1043 4143 Siel.
1053 4095 1082 4158 1,
1094 4100 1134 4149 47.
1146 4098 1257 4163 (nem

52 4174 148 4241 dydslre
160 4177 217 4227 Lov
230 4178 250 4229 1.
264 4178 296 4227 28
310 4176 379 4241 (ΙΙΙ,
392 4177 444 4242 59).

116 4261 141 4328 ⁹)
161 4262 240 4314 Andr.
254 4258 318 4313 Suu.
332 4262 416 4315 XXII.
436 4261 477 4328 (1.,
488 4279 512 4328 p.
527 4258 579 4324 21.)

102 4344 143 4410 ¹⁰)
161 4347 222 4413 Wg.
240 4346 270 4399 L.
288 4348 322 4397 II.
335 4346 400 4399 Αιι.
413 4348 438 4399 b.
453 4346 497 4396 VI.
515 4344 547 4411 (Ι.
560 4360 587 4412 p.
601 4344 662 4413 135)
686 4372 713 4383 -
730 4350 765 4413 pa
783 4363 828 4399 ιιι
844 4350 912 4414 paen
928 4355 1003 4400 naest
1020 4364 1065 4401 ιιι
1076 4350 1151 4403 bacst
1162 4352 1259 4421 biuper

53 4428 235 4484 ffl-nnl

103 4514 144 4579 ¹¹)
162 4518 205 4567 Er.
218 4518 282 4583 Reg.
294 4515 326 4567 L.
339 4517 400 4571 Siel.
414 4514 442 4579 I.,
456 4515 489 4568 48
508 4514 554 4582 (ΙΙ.
566 4531 591 4580 p.
604 4513 659 4581 59).
671 4543 706 4551 -
718 4515 776 4565 Den
788 4544 822 4554 -
835 4534 890 4568 som
903 4517 986 4569 hever
995 4519 1061 4571 intet
1072 4518 1122 4571 ved
1135 4528 1162 4572 at
1172 4520 1258 4575 haene

54 4612 106 4652 mae
117 4602 178 4654 ikke
191 4616 268 4655 raere
281 4604 361 4654 Borns
374 4603 490 4671 Vaerge;
514 4600 593 4653 Andr.
607 4602 669 4655 Son.
683 4601 781 4651 XXIII.
795 4602 824 4669 (Ι,
840 4617 864 4670 p.
879 4605 932 4673 21).
