3059 4967
634 428 671 497 ll

556 522 758 531 -—-——·-

54 639 95 704 ita
110 638 274 705 diversam
297 644 410 706 tamen
433 660 549 706 omnes
564 641 781 706 Scandinavii
801 639 849 705 ita
867 636 1039 702 habebant
1058 634 1206 709 eandem,
1229 636 1268 696 ut

54 744 133 807 idem
156 764 273 807 omnes
299 765 342 807 ea
364 742 452 807 effici
474 742 610 811 vellent.
662 745 701 808 In
725 765 765 808 eo
790 743 875 808 enim
898 741 1022 830 singuli
1044 740 1132 827 juris
1154 736 1268 801 fontes

54 852 260 931 nequaquam
292 844 505 931 discrepant,
540 852 579 911 ut
603 847 768 931 pupillum
800 866 897 909 omne
926 843 1068 913 deficere
1097 839 1269 905 arbitrium

55 949 187 1033 ejusque
202 938 418 1011 voluntatem
433 947 467 1011 in
477 948 556 1034 jure
571 970 634 1034 pro
650 947 757 1011 nihilo
775 968 849 1011 esse
864 946 1019 1032 prodant.
1053 944 1149 1027 Quae
1164 942 1268 1006 Soan-

56 1048 259 1113 dinaviorum
276 1049 393 1135 jurum
413 1049 580 1137 generalia
602 1071 786 1135 eorumque
806 1048 988 1134 singularia
1008 1047 1049 1111 de
1064 1044 1269 1132 pupillorum

56 1152 153 1215 tutela
181 1160 220 1215 ut
242 1149 383 1235 penitus
412 1171 658 1237 cognoscamus
680 1160 783 1237 atque
803 1150 996 1235 probemus,
1020 1168 1106 1235 quae
1122 1147 1163 1211 de
1179 1144 1270 1209 omni

57 1251 169 1329 tutela,
194 1251 308 1339 qualis
331 1252 428 1316 initio
450 1251 566 1328 fuerit,
590 1253 768 1339 qualisque
787 1258 908 1337 postea
929 1249 1020 1315 facta
1041 1249 1099 1326 sit,
1123 1249 1271 1314 breviter

59 1355 262 1438 protulimus,
287 1355 517 1441 sejungendae
533 1367 613 1419 sunt
627 1354 752 1419 tutelae
774 1362 898 1441 partes,
921 1353 1009 1417 inter
1024 1372 1109 1438 quas
1128 1350 1269 1436 primum

59 1457 259 1521 tractandum
276 1458 412 1523 videtur
427 1457 469 1522 de
484 1458 651 1523 bonorum
667 1476 756 1521 cura.

93 1725 96 1729 ,
119 1662 144 1727 1.
173 1659 213 1723 In
229 1658 520 1725 administratione
539 1660 706 1725 bonorum
729 1657 849 1745 pupilli
871 1678 950 1722 num
966 1655 1161 1743 probentur,
1183 1672 1270 1737 quae

61 1760 97 1824 de
111 1762 214 1825 tutela
231 1784 250 1825 e
266 1769 341 1827 tota
356 1762 482 1827 familia
503 1762 649 1850 gerenda
671 1762 825 1837 diximus,
850 1780 952 1846 quum
971 1758 1112 1843 primum
1129 1774 1270 1849 quaeraf

60 1884 135 1939 mua,
150 1863 184 1926 in
201 1864 438 1950 antiquissimo
450 1865 527 1951 jure
543 1884 659 1927 omnes
675 1861 859 1949 propinqui
873 1860 1089 1925 inveniuntur
1104 1859 1271 1923 bonorum

61 1972 235 2030 curatores.
282 1964 378 2031 Sicut
400 1974 508 2031 autem
531 1966 667 2030 omnino
689 1985 750 2051 pro
774 1962 935 2049 singulari
956 1981 1131 2026 causarum
1151 1966 1271 2023 natura

60 2065 154 2130 modo
177 2067 369 2153 complures
390 2069 492 2132 modo
514 2066 637 2155 singuli
659 2065 842 2151 propinqui
862 2084 916 2127 res
936 2062 1080 2127 familiae
1107 2060 1271 2147 gerendas

61 2169 293 2253 suscipiebant,
316 2168 364 2233 ita
378 2168 480 2255 hujus
496 2167 794 2234 administrationis
811 2185 948 2252 quoque
963 2165 1152 2229 rationibus
1168 2161 1271 2227 effici·

61 2275 120 2345 tur,
148 2278 185 2334 ut
209 2269 329 2335 ordine
356 2270 504 2357 quodam
531 2271 711 2335 observato
738 2268 831 2355 leges
857 2268 1031 2331 nominent
1056 2266 1270 2353 propinquos

63 2380 220 2448 curantes,
245 2378 348 2457 atque
370 2373 443 2457 ipse
466 2372 550 2438 ordo
572 2370 783 2436 necessarius
804 2369 957 2453 praeberi
977 2369 1110 2439 videtur
1133 2364 1271 2452 propin·

63 2471 191 2556 quitatis
207 2472 317 2560 gradu
329 2476 366 2558 ¹).
411 2474 651 2539 Vetustissimo
668 2472 770 2558 igitur
786 2468 998 2535 Islandorum
1014 2470 1092 2555 jure
1106 2466 1271 2553 praecipi·

61 2578 119 2645 tur,
134 2582 171 2637 ut
182 2575 358 2659 proximus
372 2578 516 2664 quisque
525 2574 646 2663 pupilli
657 2574 756 2638 heres
768 2572 929 2659 fungatur
940 2570 1079 2637 curandi
1090 2570 1270 2649 munere¹).

62 2672 185 2738 Patrem
201 2678 357 2762 sequitur
372 2700 443 2743 eam
460 2679 504 2742 ob
521 2698 655 2742 causam
676 2677 781 2742 frater
796 2700 838 2741 ex
853 2682 958 2761 patre,
981 2680 1094 2748 mater,
1117 2691 1216 2735 soror
1231 2690 1272 2733 ex

62 2782 160 2858 patre,
182 2776 291 2843 frater
312 2802 354 2844 ex
375 2788 489 2857 matre,
520 2780 640 2844 deinde
664 2801 762 2845 soror
785 2802 827 2844 ex
847 2786 962 2853 matre,
991 2797 1078 2863 quos
1102 2771 1274 2857 excipiunt

63 2876 172 2941 eodem
190 2879 308 2945 ordine
323 2883 429 2968 spurii
444 2882 565 2948 fratres
581 2890 614 2946 et
630 2903 776 2958 sorores,
798 2882 922 2969 quibus
944 2875 1175 2944 deficientibus
1191 2893 1272 2958 pro·

63 2978 181 3045 duntur
207 3002 291 3047 avus
321 2991 480 3068 paternus
507 2993 541 3049 et
564 2996 748 3060 maternus,
779 2990 923 3069 utraque
948 2981 1039 3056 avia,
1056 2985 1213 3063 ‘patruus
1239 2981 1273 3038 et

64 3083 255 3159 avunculus,
278 3086 440 3169 patruelis
463 3094 496 3151 et
516 3086 756 3162 consobrinus,
780 3085 880 3149 amita
901 3092 935 3147 et
948 3087 1125 3145 matertera
1143 3076 1272 3160 neptis·

64 3203 124 3267 que
139 3207 156 3248 e
170 3184 275 3251 fratre
291 3188 346 3253 vel
366 3209 496 3265 sorore,
521 3188 666 3273 denique
686 3187 830 3272 proximi
851 3184 996 3272 cognati,
1018 3184 1106 3247 inter
1121 3200 1219 3266 quos,
1243 3176 1273 3241 si

64 3288 174 3351 eodem
203 3289 308 3375 gradu
334 3298 414 3355 sunt
432 3290 635 3376 propinqui,
668 3290 809 3373 primum
839 3288 951 3352 locum
981 3286 1135 3350 obtinent
1158 3278 1271 3357 viri2).¹

62 3385 182 3453 Eadem
197 3391 286 3476 juris
306 3392 424 3479 regula
444 3390 695 3477 antiquissimae
709 3388 976 3477 Norvegicorum
996 3386 1088 3472 leges
1108 3383 1158 3447 uti
1173 3404 1215 3445 ex
1230 3401 1271 3445 eo

58 3490 122 3573 jam
150 3492 306 3570 cernitur,
341 3492 434 3579 quod
459 3492 615 3558 heredem
642 3514 809 3580 quemque
836 3490 1022 3578 proximum
1048 3494 1082 3551 et
1106 3484 1213 3551 virilis
1238 3491 1271 3547 et

63 3590 191 3659 feminei
207 3616 309 3659 sexus
325 3602 497 3661 curatores
513 3593 753 3680 produntw).

112 3864 136 3929 ¹)
154 3867 235 3934 (trag.
253 3868 308 3921 Arf.
326 3874 351 3936 p.
366 3870 380 3919 9
394 3884 416 3919 a.
434 3866 466 3933 (I.
480 3884 503 3933 p.
520 3864 580 3931 192)
599 3896 632 3906 -
651 3870 680 3919 ef
697 3867 750 3933 aigi
762 3866 814 3916 lifir
830 3866 899 3933 sapit
910 3880 945 3930 pa
956 3861 1012 3913 scal
1030 3861 1121 3927 bropir
1139 3856 1271 3923 samfepri.
1293 3937 1296 3938 γ

62 3948 98 3999 En
110 3954 137 4001 es
145 3953 199 4019 eigi
211 3969 239 4003 er
250 3953 340 4021 bropir
352 3954 476 4020 samfepri
488 3969 522 4018 pa
534 3953 589 4003 scal
601 3954 694 4019 mobir.
707 3981 741 3988 -
754 3953 807 4003 Sva
819 3950 874 4002 scal
886 3950 918 4000 til
929 3944 1129 4013 fiarvarpveizlo
1146 3948 1205 3993 taca
1217 3956 1272 3991 sam

63 4035 91 4084 til
102 4038 160 4089 aris.
172 4065 208 4073 —
221 4038 273 4089 Sva
285 4038 341 4089 scal
352 4038 400 4089 fiar
411 4038 564 4105 rarpveizlo
577 4040 659 4104 scipta
670 4040 680 4087 i
692 4040 830 4089 knerunna
841 4052 896 4087 sem
908 4034 962 4086 arfi.

110 4120 134 4187 ²)
156 4123 234 4189 Grag.
248 4124 303 4175 Ars.
316 4130 342 4191 p.
358 4127 369 4173 1
384 4140 406 4175 e.
420 4124 450 4185 (Ι.
465 4132 490 4189 p.
505 4121 574 4188 170).
611 4123 753 4190 Schlegelii
772 4123 859 4187 opinio
876 4120 1000 4170 feminam
1012 4111 1156 4165 secundum
1168 4109 1272 4176 Grtgts

62 4204 92 4255 ab
117 4206 168 4257 boc
194 4208 392 4259 administrandi
413 4210 473 4273 jure
494 4209 630 4260 exclusam
652 4224 708 4259 esse
730 4206 925 4275 [commentatio
948 4202 1074 4253 historica
1097 4214 1123 4264 p.
1141 4194 1273 4262 CXLIII.)

64 4292 185 4342 refutatur
197 4293 276 4361 arag.
290 4293 374 4360 Vigsl.
389 4296 422 4344 to
435 4309 457 4344 c.
471 4294 525 4356 (11,
539 4291 609 4358 112).

110 4374 135 4441 ³]
154 4376 229 4432 Aeld.
240 4378 281 4431 (il.
294 4380 320 4430 S.
332 4380 388 4429 115.
403 4378 435 4445 (l.
443 4395 472 4447 p.
482 4375 527 4444 51)
542 4408 574 4417 -
588 4394 619 4428 oo
630 4380 655 4428 fe
667 4378 752 4442 peirra
764 4376 820 4427 soal
832 4392 861 4426 sa
872 4374 943 4425 reita
954 4370 1020 4423 vord
1032 4387 1060 4421 er
1071 4385 1133 4419 arve
1146 4367 1232 4433 peirra
1244 4382 1273 4416 er

62 4467 132 4523 nestr,
156 4462 234 4513 hrart
254 4480 309 4515 sem
330 4462 475 4513 hallnmadr
494 4463 572 4514 verdr
591 4462 724 4513 karlmadr
748 4461 814 4512 aeda
832 4462 919 4521 kona;
945 4456 1022 4509 neld.
1048 4456 1091 4505 Fr.
1114 4454 1139 4504 S.
1161 4454 1217 4514 tx,
1238 4456 1270 4501 22

62 4545 89 4602 (Ι.
100 4562 123 4611 p.
135 4547 204 4611 214).
227 4549 330 4617 Umaga
342 4548 398 4615 eyri
411 4548 466 4600 scal
478 4548 508 4599 st
519 4554 579 4599 taea
590 4564 618 4599 er
628 4547 737 4599 nanastr
750 4548 799 4598 eri
812 4545 925 4608 erfdum3
943 4544 992 4609 Ny.
1004 4538 1092 4592 Lenda
1101 4538 1167 4589 Lar.
1177 4539 1216 4604 V,
1231 4542 1271 4591 14.

64 4627 138 4699 [llp.
151 4630 205 4699 87).
