3059 4967
819 408 862 472 34

740 497 944 506 —-———

232 613 437 700 'praesidium
459 611 645 698 praebitum
668 609 728 686 sit,
752 607 850 673 simul
872 627 1070 694 persuasum
1090 607 1271 683 habemus,
1292 608 1404 681 illam,
1428 609 1456 671 si

235 716 381 781 criminis
403 723 474 779 erat
498 721 672 784 accusate,
701 710 936 797 antiquissimo
957 699 1109 795 tempore
1130 711 1217 799 inter
1237 709 1456 797 propinquos

210 812 333 881 'facile
352 818 522 882 invenisse
549 814 757 898 aptissimum
784 821 987 889 curatorem,
1015 814 1070 877 oui
1096 811 1325 877 defensionem
1345 813 1457 897 ipsius

234 918 521 1001 demandaretfl),
554 914 732 979 recentiori
762 922 871 978 autem
896 914 975 999 jure
1003 921 1149 979 tutorem
1178 914 1268 977 sieut
1297 914 1457 978 omnibns

234 1020 309 1084 aliis
330 1020 377 1085 ita
397 1020 464 1084 hoc
486 1038 624 1104 quoque
650 1015 768 1081 tuendi
779 1036 924 1093 ⁸munere
941 1014 1107 1102 snagin).
1157 1014 1322 1101 Quisquis
1343 1023 1457 1080 autem

131 1140 135 1149 ’
233 1142 302 1187 rem
322 1121 413 1187 illam
436 1120 530 1206 gerit,
553 1138 623 1181 non
644 1122 737 1181 suam
753 1116 816 1182 sed
835 1116 982 1181 mulieris
1002 1138 1137 1180 causam
1153 1117 1231 1204 agit,
1249 1140 1367 1205 neque
1382 1117 1458 1202 ipse

234 1222 295 1287 sed
315 1222 437 1287 femine
458 1222 534 1305 ipsa
555 1217 701 1283 afficitur
721 1240 848 1305 poena,
871 1211 937 1281 alia
956 1217 1091 1303 quidem
1112 1217 1204 1302 apud
1229 1218 1314 1283 alias
1335 1225 1457 1305 gentes

234 1342 296 1409 pro
319 1322 455 1388 diverso
475 1320 606 1386 illarum
628 1320 789 1405 puniendi
810 1319 924 1385 modo.
969 1321 1082 1405 Atque
1097 1319 1367 1406 antiquissimum
1385 1320 1457 1407 jus,

234 1424 327 1511 quod
349 1422 554 1510 pupillorum
576 1422 785 1486 voluntatem
806 1422 841 1485 iu
864 1420 1058 1485 criminibus
1078 1420 1205 1485 nullam
1226 1442 1303 1485 esse
1323 1423 1456 1497 statuit,

232 1524 492 1590 imbecillitatem
520 1546 623 1589 sexus
649 1523 806 1588 mulieres
827 1545 846 1587 e
867 1521 949 1587 dolo
969 1544 1183 1610 nequaquam
1205 1522 1350 1587 eximere
1372 1521 1457 1599 vult,

234 1635 336 1713 atque
364 1627 408 1690 ob
435 1647 505 1691 eam
533 1645 667 1690 causam
694 1624 728 1687 in
750 1620 901 1689 Islandia
927 1633 961 1689 et
980 1624 1153 1711 Norregia
1176 1625 1264 1689 inter
1287 1625 1397 1690 virum
1424 1633 1459 1689 et

231 1727 387 1792 feminam
416 1726 587 1813 quomodo
617 1727 809 1812 puniantur,
836 1727 966 1791 nullum
993 1733 1046 1791 est
1070 1724 1258 1791 discrimen.
1304 1726 1457 1807 Quarum

233 1830 380 1915 gentium
406 1829 499 1915 leges
526 1827 681 1893 mulieres
707 1838 777 1892 tum
805 1828 898 1913 pacis
925 1827 1121 1893 exclusione
1146 1850 1249 1915 quum
1274 1828 1457 1893 levissimis

231 1930 351 2017 poenis
374 1930 485 2017 puniri
500 1930 695 2018 jubent²⁹).
739 1930 885 2006 Femina,
913 1929 943 1993 si
963 1929 1211 2015 compositione
1230 1931 1361 1995 laesum
1381 1930 1456 2016 pla·

233 2054 308 2097 care
324 2034 451 2119 nequit,
467 2030 670 2095 inimicitiam
688 2038 721 2095 et
731 2031 892 2097 ultionem
908 2033 980 2117 pati
991 2030 1164 2114 debet30),
1180 2053 1291 2117 neque
1302 2054 1456 2119 unquam

232 2134 356 2199 mentio
378 2134 418 2211 fit
438 2131 656 2219 obligationis
679 2135 817 2209 tutoris,
845 2142 885 2197 ut
906 2153 968 2218 pro
991 2134 1142 2211 muliere,
1175 2154 1262 2219 quae
1283 2134 1455 2199 solvendo

231 2236 370 2312 nonsit,
393 2236 468 2320 ipsa
484 2235 604 2299 solvat.
648 2235 748 2321 Apud
770 2244 899 2301 ceteras
915 2235 1224 2303 Scandinariorunr
1237 2235 1399 2299 nationes
1416 2257 1455 2299 eo

232 2336 325 2424 quod
345 2336 518 2401 mulierum
539 2334 686 2401 facultas
707 2338 829 2424 agendi
851 2343 884 2401 et
905 2337 1077 2402 arbitrium
1097 2337 1259 2423 paulatim
1282 2338 1455 2403 deminue-

231 2440 346 2514 batnr,
381 2437 416 2503 id
443 2438 596 2505 effectum
626 2458 701 2503 esse
727 2438 875 2515 videtur,
906 2446 946 2503 ut
968 2438 1102 2524 injure
1128 2438 1290 2503 criminali
1315 2461 1456 2525 quoqne

234 2538 345 2606 earum
363 2540 514 2604 conditio
536 2539 742 2625 pupillorum
764 2539 905 2605 similior
926 2539 1016 2603 faeta
1030 2540 1084 2603 sit.
1129 2538 1206 2619 Qua
1220 2539 1263 2603 de
1278 2562 1316 2605 re
1331 2550 1455 2619 autem,

233 2640 413 2729 quominus
437 2642 580 2707 certiora
602 2651 636 2708 et
656 2642 867 2707 accuratiora
887 2660 1143 2728 cognoscamus,
1166 2663 1207 2704 eo
1224 2641 1454 2726 prohibemur,

231 2742 326 2830 quod
345 2742 486 2808 feminas
506 2764 590 2829 pace
610 2743 733 2829 privari
754 2743 942 2829 iisdemque
963 2742 1087 2831 quibus
1108 2742 1201 2806 viros
1221 2742 1311 2807 aflici
1330 2744 1455 2829 poeuis

229 2844 479 2932 Suaogotorum
495 2844 588 2932 leges
604 2844 688 2909 aliae
698 2844 823 2931 jubent
838 2845 922 2910 aliae
936 2853 1053 2909 vetant
1063 2847 1076 2886 ³
1086 2849 1123 2924 ι).
1161 2842 1263 2923 Quod
1278 2856 1457 2931 praeterea

229 2946 389 3033 inhujus
413 2946 522 3033 gentis
548 2945 680 3032 legibus
704 2946 884 3023 invenitur,
910 2955 1055 3011 tutorem
1080 2968 1144 3033 pro
1172 2947 1301 3034 virgine
1328 2948 1456 3032 opibus

231 3050 341 3137 egenti
363 3048 641 3133 compositionem
664 3046 797 3113 solvere
818 3048 951 3125 debere,
975 3069 1015 3112 eo
1032 3048 1192 3133 explicari
1207 3057 1332 3134 potest,
1355 3050 1456 3135 quod

283 3321 327 3388 21)
348 3321 425 3388 Grdg.
438 3318 523 3385 vigel.
537 3320 570 3370 66
583 3333 605 3370 c.
624 3318 677 3385 (Π,
692 3322 762 3386 198).
790 3321 888 3371 Eekior
900 3337 932 3371 oo
943 3318 1044 3387 meyiai
1059 3321 1174 3386 tritbger
1186 3335 1217 3373 oc
1226 3319 1285 3371 ellri
1298 3320 1356 3386 eigo
1371 3322 1460 3372 calcar

231 3413 258 3459 at
274 3407 348 3470 aelia,
366 3409 395 3457 ef
407 3404 493 3469 leupit
511 3420 539 3453 er
554 3403 586 3455 til
603 3404 691 3470 peirra
708 3420 740 3455 oo
758 3421 807 3455 eve
820 3422 866 3456 um
882 3406 953 3456 sariu
969 3406 1059 3469 minui,
1077 3406 1106 3455 ef
1120 3403 1263 3471 paer'taka
1279 3390 1392 3456 lullretti
1406 3412 1458 3473 epr

228 3493 290 3545 bdtr
302 3507 334 3542 oe
346 3506 394 3542 era
405 3496 433 3541 at
444 3476 542 3539 scottae
555 3490 583 3550 ἰς
601 3488 678 3540 Aeld.
691 3490 771 3541 Eiark
782 3490 813 3542 R.
826 3492 860 3541 99
873 3488 915 3555 (1.,
924 3489 996 3554 322).
1015 3489 1091 3544 Aeld.
1104 3491 1146 3543 Gl.
1158 3490 1188 3541 L.
1199 3493 1246 3541 291
1262 3490 1304 3557 (1.,
1313 3487 1372 3557 96);
1385 3491 1457 3562 ibid.

233 3571 1093 3641 mumlmmmnmmstmmemfflmm

161 3650 165 3655 '
283 3657 1386 3729 &Qnmnmummnmffiummfflmnma

283 3745 328 3809 ”l
347 3747 427 3813 Grdg.
438 3745 522 3812 vigel.
535 3748 567 3796 49
577 3762 599 3797 o.
613 3745 668 3809 (11,
677 3744 730 3808 89).
755 3746 866 3797 Jamsek
878 3751 958 3813 νεῴ)
968 3746 1047 3808 kene,
1059 3761 1116 3797 sem
1127 3746 1269 3812 karlmapr‚
1283 3748 1312 3798 ef
1319 3746 1372 3796 hon
1384 3763 1458 3813 vegr

230 3830 373 3895 karlmann,
385 3837 432 3899 epr
444 3832 522 3893 kono,
534 3836 582 3897 epu
593 3832 670 3881 vinnr
682 3846 705 3893 a,
718 3847 749 3882 oc
761 3846 809 3881 sva
821 3848 850 3882 er
859 3848 905 3882 um
917 3830 955 3881 cll
967 3832 1028 3899 laga
1039 3829 1155 3897 asbrigpi
1166 3830 1259 3893 maelt;
1283 3830 1351 3881 Aeld
1364 3830 1409 3883 (tl.
1422 3832 1456 3881 L.

233 3921 281 3970 159
296 3916 336 3982 (1.,
349 3916 404 3983 62).
422 3943 454 3954 -
473 3918 513 3966 En
525 3918 553 3966 el
567 3916 637 3966 kene
649 3916 708 3981 vigr
724 3917 863 3967 karlmann
874 3932 908 3981 pa
920 3932 949 3965 er
960 3912 1012 3966 hon
1023 3914 1100 3982 utlog
1112 3930 1144 3966 oc
1155 3916 1228 3967 ecolo
1245 3916 1335 3967 frendr
1351 3916 1456 3967 henuar

230 4005 287 4054 fora
303 4004 390 4053 henna
407 4004 436 4052 al
450 4002 537 4065 lande,
558 4000 623 4051 ibid.
639 4003 688 4052 199
702 4001 743 4068 (L,
756 4001 815 4066 69);
843 4000 912 4052 Aeld
925 4002 968 4054 Fr.
979 4001 1010 4052 L.
1023 4001 1077 4064 IV,
1090 4003 1122 4051 33
1136 4001 1177 4067 (1.,
1192 4000 1262 4066 168),
1279 4003 1313 4053 35
1326 4002 1359 4069 (Ι.
1374 4001 1455 4068 168);

230 4087 455 4152 mmmm(
734 4070 739 4079 ’

283 4171 328 4238 ⁸⁰)
347 4170 439 4223 Wilda
451 4172 469 4222 1.
483 4188 505 4222 o.
518 4188 543 4237 p.
557 4174 607 4222 349
620 4186 674 4236 sqq.

285 4258 329 4321 ⁸¹)
348 4256 410 4325 Wg.
424 4258 454 4308 L.
467 4258 487 4307 1.
500 4256 612 4323 Bardgh.
626 4257 652 4307 1).
666 4258 682 4305 8
696 4256 737 4323 (1,
753 4252 806 4320 22),
823 4255 901 4321 Arsp.
913 4254 938 4305 1).
953 4256 986 4305 15
999 4255 1040 4320 (1.,
1053 4251 1107 4320 29),
1125 4254 1197 4321 pinv.
1210 4254 1237 4307 b.
1249 4254 1266 4304 5
1278 4254 1324 4305 tf.
1339 4252 1380 4319 (1,
1389 4252 1454 4319 55);

231 4344 291 4411 Wg.
304 4344 334 4394 L.
346 4344 380 4394 11.
394 4343 465 4410 Frip.
478 4342 503 4394 b.
519 4346 550 4392 12
564 4344 606 4407 (1.,
620 4343 690 4404 117),
708 4342 804 4406 Dreep.
816 4339 843 4392 b.
857 4342 887 4388 11
901 4339 932 4404 (Ι.
947 4337 1017 4404 126),
1035 4339 1098 4391 Arv.
1110 4338 1136 4391 b.
1152 4340 1237 4402 19(Ι,,
1250 4337 1321 4402 139),
1337 4340 1414 4407 pinv.
1426 4340 1453 4391 1).

233 4428 274 4492 12,
285 4430 316 4479 13
330 4428 371 4491 (1.,
382 4426 454 4493 161),
464 4430 497 4477 98
507 4426 549 4492 (1.,
560 4426 630 4492 169).
654 4426 840 4478 Additamenta
849 4426 883 4475 29
893 4423 935 4490 (1.,
945 4423 1021 4488 298);
1045 4424 1094 4491 03.
1105 4423 1135 4477 L.
1145 4424 1244 4475 Kristn.
1254 4423 1324 4475 1).26
1334 4423 1455 4490 (ΙΙ.,22),

231 4516 297 4581 Epa.
309 4513 335 4565 b.
351 4516 382 4564 15
395 4513 450 4578 (ΙΙ,
463 4512 516 4575 36),
538 4512 632 4578 Dreep.
645 4513 673 4568 1).
685 4515 701 4563 9
714 4512 770 4577 (IL,
782 4507 836 4577 55).
860 4509 928 4574 Vel).
937 4524 972 4557 m.
981 4510 1015 4559 95
1027 4507 1083 4575 (11,
1091 4506 1145 4574 99).
1173 4508 1233 4575 Upl.
1245 4510 1276 4563 L.
1288 4510 1409 4561 Kununx
1425 4510 1454 4564 1).

232 4601 249 4651 8
263 4598 330 4667 (111,
343 4595 399 4665 92),
417 4594 505 4651 Menh.
518 4596 544 4650 b.
559 4601 589 4648 11
603 4598 626 4659 §-
641 4598 656 4651 6
668 4598 734 4661 (111,
749 4594 819 4661 141).
843 4592 962 4647 Wildab
975 4610 998 4646 o.
1010 4610 1035 4661 p.
1048 4596 1096 4647 651
1110 4610 1149 4661 sq.
