<?xml version="1.0" encoding="UTF-8"?>
<!DOCTYPE html PUBLIC "-//W3C//DTD XHTML 1.0 Transitional//EN"
    "http://www.w3.org/TR/xhtml1/DTD/xhtml1-transitional.dtd">
<html xmlns="http://www.w3.org/1999/xhtml" xml:lang="en" lang="en">
 <head>
  <title>
</title>
<meta http-equiv="Content-Type" content="text/html;charset=utf-8" />
  <meta name='ocr-system' content='tesseract 3.04.00' />
  <meta name='ocr-capabilities' content='ocr_page ocr_carea ocr_par ocr_line ocrx_word'/>
</head>
<body>
  <div class='ocr_page' id='page_1' title='image "./depubillorumetm00rivegoog_0023.png"; bbox 0 0 3059 4967; ppageno 0'>
   <div class='ocr_carea' id='block_1_1' title="bbox 646 408 685 476">
    <p class='ocr_par' dir='ltr' id='par_1_1' title="bbox 646 408 685 476">
     <span class='ocr_line' id='line_1_1' title="bbox 646 408 685 476; baseline -0.026 0"><span class='ocrx_word' id='word_1_1' title='bbox 646 408 685 476; x_wconf 85' lang='grc'>17</span> 
     </span>
    </p>
   </div>
   <div class='ocr_carea' id='block_1_2' title="bbox 64 607 1359 2929">
    <p class='ocr_par' dir='ltr' id='par_1_2' title="bbox 64 607 1359 1896">
     <span class='ocr_line' id='line_1_2' title="bbox 64 607 1270 701; baseline -0.002 -24"><span class='ocrx_word' id='word_1_2' title='bbox 64 634 192 679; x_wconf 89' lang='lat' dir='ltr'>necesse</span> <span class='ocrx_word' id='word_1_3' title='bbox 207 621 268 691; x_wconf 89' lang='lat' dir='ltr'>est,</span> <span class='ocrx_word' id='word_1_4' title='bbox 286 614 466 699; x_wconf 81' lang='lat' dir='ltr'>consulere</span> <span class='ocrx_word' id='word_1_5' title='bbox 481 634 625 701; x_wconf 85' lang='lat' dir='ltr'>eumque</span> <span class='ocrx_word' id='word_1_6' title='bbox 640 634 772 699; x_wconf 81' lang='lat' dir='ltr'>semper</span> <span class='ocrx_word' id='word_1_7' title='bbox 785 613 1036 694; x_wconf 81' lang='lat' dir='ltr'>observare²⁴).</span> <span class='ocrx_word' id='word_1_8' title='bbox 1080 607 1120 676; x_wconf 90' lang='lat' dir='ltr'>In</span> <span class='ocrx_word' id='word_1_9' title='bbox 1135 631 1175 677; x_wconf 91' lang='lat' dir='ltr'>eo</span> <span class='ocrx_word' id='word_1_10' title='bbox 1192 613 1270 698; x_wconf 90' lang='lat' dir='ltr'>qui·</span> 
     </span>
     <span class='ocr_line' id='line_1_3' title="bbox 64 713 1270 802; baseline -0.002 -23"><span class='ocrx_word' id='word_1_11' title='bbox 64 716 131 779; x_wconf 90' lang='lat' dir='ltr'>dem</span> <span class='ocrx_word' id='word_1_12' title='bbox 145 716 363 782; x_wconf 86' lang='lat' dir='ltr'>consentiunt</span> <span class='ocrx_word' id='word_1_13' title='bbox 379 716 524 781; x_wconf 88' lang='lat' dir='ltr'>omnium</span> <span class='ocrx_word' id='word_1_14' title='bbox 540 716 687 802; x_wconf 84' lang='lat' dir='ltr'>gentium</span> <span class='ocrx_word' id='word_1_15' title='bbox 702 714 805 802; x_wconf 86' lang='lat' dir='ltr'>leges,</span> <span class='ocrx_word' id='word_1_16' title='bbox 830 714 924 801; x_wconf 91' lang='lat' dir='ltr'>quod</span> <span class='ocrx_word' id='word_1_17' title='bbox 944 713 1124 779; x_wconf 77' lang='lat' dir='ltr'>hortantur</span> <span class='ocrx_word' id='word_1_18' title='bbox 1138 721 1270 797; x_wconf 84' lang='lat' dir='ltr'>curato·</span> 
     </span>
     <span class='ocr_line' id='line_1_4' title="bbox 64 814 1270 904; baseline -0.002 -24"><span class='ocrx_word' id='word_1_19' title='bbox 64 838 133 891; x_wconf 87' lang='lat' dir='ltr'>rem,</span> <span class='ocrx_word' id='word_1_20' title='bbox 148 827 185 881; x_wconf 90' lang='lat' dir='ltr'>ut</span> <span class='ocrx_word' id='word_1_21' title='bbox 200 839 327 881; x_wconf 86' lang='lat' dir='ltr'>summa</span> <span class='ocrx_word' id='word_1_22' title='bbox 349 817 522 904; x_wconf 82' lang='lat' dir='ltr'><strong>diligentia</strong></span> <span class='ocrx_word' id='word_1_23' title='bbox 539 817 629 881; x_wconf 88' lang='lat' dir='ltr'>bona</span> <span class='ocrx_word' id='word_1_24' title='bbox 644 830 756 881; x_wconf 84' lang='lat' dir='ltr'>servet</span> <span class='ocrx_word' id='word_1_25' title='bbox 771 838 881 903; x_wconf 85' lang='lat' dir='ltr'>nequa</span> <span class='ocrx_word' id='word_1_26' title='bbox 896 814 1000 880; x_wconf 92' lang='lat' dir='ltr'>ullum</span> <span class='ocrx_word' id='word_1_27' title='bbox 1017 815 1058 879; x_wconf 89' lang='lat' dir='ltr'>iis</span> <span class='ocrx_word' id='word_1_28' title='bbox 1073 822 1169 899; x_wconf 90' lang='lat' dir='ltr'>paret</span> <span class='ocrx_word' id='word_1_29' title='bbox 1183 814 1270 899; x_wconf 89' lang='lat' dir='ltr'>peri·</span> 
     </span>
     <span class='ocr_line' id='line_1_5' title="bbox 65 914 1272 1005; baseline -0.003 -22"><span class='ocrx_word' id='word_1_30' title='bbox 65 918 167 983; x_wconf 84' lang='lat' dir='ltr'>culum</span> <span class='ocrx_word' id='word_1_31' title='bbox 189 928 291 1005; x_wconf 89' lang='lat' dir='ltr'>atque</span> <span class='ocrx_word' id='word_1_32' title='bbox 310 920 534 993; x_wconf 85' lang='lat' dir='ltr'>constituunt,</span> <span class='ocrx_word' id='word_1_33' title='bbox 558 918 651 982; x_wconf 91' lang='lat' dir='ltr'>illum</span> <span class='ocrx_word' id='word_1_34' title='bbox 667 918 761 1005; x_wconf 85' lang='lat' dir='ltr'>gravi</span> <span class='ocrx_word' id='word_1_35' title='bbox 783 938 894 1003; x_wconf 89' lang='lat' dir='ltr'>poena</span> <span class='ocrx_word' id='word_1_36' title='bbox 914 940 990 983; x_wconf 90' lang='lat' dir='ltr'>esse</span> <span class='ocrx_word' id='word_1_37' title='bbox 1010 916 1221 981; x_wconf 84' lang='lat' dir='ltr'>afficiendum</span> <span class='ocrx_word' id='word_1_38' title='bbox 1238 914 1272 980; x_wconf 88' lang='lat' dir='ltr'>et</span> 
     </span>
     <span class='ocr_line' id='line_1_6' title="bbox 66 1017 1271 1106; baseline 0 -25"><span class='ocrx_word' id='word_1_39' title='bbox 66 1040 154 1082; x_wconf 89' lang='lat' dir='ltr'>omne</span> <span class='ocrx_word' id='word_1_40' title='bbox 174 1018 333 1085; x_wconf 87' lang='lat' dir='ltr'>domnum</span> <span class='ocrx_word' id='word_1_41' title='bbox 358 1024 482 1087; x_wconf 75' lang='lat' dir='ltr'>sarcire</span> <span class='ocrx_word' id='word_1_42' title='bbox 504 1020 635 1095; x_wconf 85' lang='lat' dir='ltr'>dobere,</span> <span class='ocrx_word' id='word_1_43' title='bbox 658 1020 716 1106; x_wconf 91' lang='lat' dir='ltr'>qui</span> <span class='ocrx_word' id='word_1_44' title='bbox 737 1019 828 1083; x_wconf 91' lang='lat' dir='ltr'>bona</span> <span class='ocrx_word' id='word_1_45' title='bbox 848 1018 1025 1083; x_wconf 86' lang='lat' dir='ltr'>custodiae</span> <span class='ocrx_word' id='word_1_46' title='bbox 1045 1039 1127 1082; x_wconf 75' lang='lat' dir='ltr'>suae</span> <span class='ocrx_word' id='word_1_47' title='bbox 1148 1017 1271 1082; x_wconf 79' lang='lat' dir='ltr'>auferri</span> 
     </span>
     <span class='ocr_line' id='line_1_7' title="bbox 66 1118 1272 1207; baseline -0.001 -24"><span class='ocrx_word' id='word_1_48' title='bbox 66 1122 213 1201; x_wconf 75' lang='lat' dir='ltr'>sinat²⁵).</span> <span class='ocrx_word' id='word_1_49' title='bbox 259 1122 384 1187; x_wconf 91' lang='lat' dir='ltr'>Levem</span> <span class='ocrx_word' id='word_1_50' title='bbox 408 1123 540 1207; x_wconf 90' lang='lat' dir='ltr'>culpam</span> <span class='ocrx_word' id='word_1_51' title='bbox 565 1129 752 1186; x_wconf 81' lang='lat' dir='ltr'>curatorem</span> <span class='ocrx_word' id='word_1_52' title='bbox 778 1128 946 1205; x_wconf 85' lang='lat' dir='ltr'>praestare</span> <span class='ocrx_word' id='word_1_53' title='bbox 968 1140 1008 1183; x_wconf 90' lang='lat' dir='ltr'>eo</span> <span class='ocrx_word' id='word_1_54' title='bbox 1025 1120 1097 1206; x_wconf 84' lang='lat' dir='ltr'>jam</span> <span class='ocrx_word' id='word_1_55' title='bbox 1113 1118 1272 1183; x_wconf 91' lang='lat' dir='ltr'>concludi</span> 
     </span>
     <span class='ocr_line' id='line_1_8' title="bbox 67 1210 1272 1308; baseline 0 -24"><span class='ocrx_word' id='word_1_56' title='bbox 67 1229 180 1305; x_wconf 83' lang='lat' dir='ltr'>potest,</span> <span class='ocrx_word' id='word_1_57' title='bbox 197 1222 291 1308; x_wconf 88' lang='lat' dir='ltr'>quod</span> <span class='ocrx_word' id='word_1_58' title='bbox 308 1223 422 1287; x_wconf 88' lang='lat' dir='ltr'>fontes</span> <span class='ocrx_word' id='word_1_59' title='bbox 438 1210 598 1287; x_wconf 87' lang='lat' dir='ltr'>debonis</span> <span class='ocrx_word' id='word_1_60' title='bbox 613 1221 831 1288; x_wconf 84' lang='lat' dir='ltr'>restituendis</span> <span class='ocrx_word' id='word_1_61' title='bbox 851 1223 924 1285; x_wconf 89' lang='lat' dir='ltr'>sine</span> <span class='ocrx_word' id='word_1_62' title='bbox 937 1220 1009 1285; x_wconf 87' lang='lat' dir='ltr'>ulla</span> <span class='ocrx_word' id='word_1_63' title='bbox 1023 1222 1223 1306; x_wconf 81' lang='lat' dir='ltr'>exceptione</span> <span class='ocrx_word' id='word_1_64' title='bbox 1236 1220 1272 1284; x_wconf 87' lang='lat' dir='ltr'>id</span> 
     </span>
     <span class='ocr_line' id='line_1_9' title="bbox 68 1322 1273 1409; baseline 0 -24"><span class='ocrx_word' id='word_1_65' title='bbox 68 1344 186 1408; x_wconf 92' lang='lat' dir='ltr'>semper</span> <span class='ocrx_word' id='word_1_66' title='bbox 202 1323 368 1408; x_wconf 87' lang='lat' dir='ltr'>produnt:</span> <span class='ocrx_word' id='word_1_67' title='bbox 391 1324 524 1389; x_wconf 85' lang='lat' dir='ltr'>Reddat</span> <span class='ocrx_word' id='word_1_68' title='bbox 539 1333 678 1400; x_wconf 90' lang='lat' dir='ltr'>tantum,</span> <span class='ocrx_word' id='word_1_69' title='bbox 696 1335 858 1409; x_wconf 89' lang='lat' dir='ltr'>quantum</span> <span class='ocrx_word' id='word_1_70' title='bbox 874 1324 1075 1407; x_wconf 75' lang='lat' dir='ltr'>accepit⁹⁶).</span> <span class='ocrx_word' id='word_1_71' title='bbox 1121 1322 1273 1387; x_wconf 78' lang='lat' dir='ltr'>Certiora</span> 
     </span>
     <span class='ocr_line' id='line_1_10' title="bbox 69 1424 1271 1512; baseline 0.001 -27"><span class='ocrx_word' id='word_1_72' title='bbox 69 1434 166 1486; x_wconf 83' lang='lat' dir='ltr'>autem</span> <span class='ocrx_word' id='word_1_73' title='bbox 190 1433 223 1487; x_wconf 92' lang='lat' dir='ltr'>et</span> <span class='ocrx_word' id='word_1_74' title='bbox 243 1426 456 1489; x_wconf 83' lang='lat' dir='ltr'>accuratiora</span> <span class='ocrx_word' id='word_1_75' title='bbox 478 1447 566 1512; x_wconf 90' lang='lat' dir='ltr'>quae</span> <span class='ocrx_word' id='word_1_76' title='bbox 587 1425 745 1491; x_wconf 87' lang='lat' dir='ltr'>deficiunt</span> <span class='ocrx_word' id='word_1_77' title='bbox 761 1424 802 1489; x_wconf 89' lang='lat' dir='ltr'>de</span> <span class='ocrx_word' id='word_1_78' title='bbox 818 1424 918 1509; x_wconf 86' lang='lat' dir='ltr'>culpa</span> <span class='ocrx_word' id='word_1_79' title='bbox 934 1435 968 1489; x_wconf 89' lang='lat' dir='ltr'>et</span> <span class='ocrx_word' id='word_1_80' title='bbox 984 1445 1066 1489; x_wconf 89' lang='lat' dir='ltr'>casu</span> <span class='ocrx_word' id='word_1_81' title='bbox 1081 1432 1271 1508; x_wconf 87' lang='lat' dir='ltr'>praecepta,</span> 
     </span>
     <span class='ocr_line' id='line_1_11' title="bbox 69 1508 1271 1615; baseline 0.001 -29"><span class='ocrx_word' id='word_1_82' title='bbox 69 1546 103 1587; x_wconf 93' lang='lat' dir='ltr'>eo</span> <span class='ocrx_word' id='word_1_83' title='bbox 125 1524 272 1609; x_wconf 88' lang='lat' dir='ltr'>suppleri</span> <span class='ocrx_word' id='word_1_84' title='bbox 291 1508 458 1602; x_wconf 87' lang='lat' dir='ltr'>videntur,</span> <span class='ocrx_word' id='word_1_85' title='bbox 481 1528 574 1613; x_wconf 91' lang='lat' dir='ltr'>quod</span> <span class='ocrx_word' id='word_1_86' title='bbox 596 1529 624 1591; x_wconf 89' lang='lat' dir='ltr'>si</span> <span class='ocrx_word' id='word_1_87' title='bbox 647 1534 783 1592; x_wconf 87' lang='lat' dir='ltr'>curator</span> <span class='ocrx_word' id='word_1_88' title='bbox 799 1527 945 1590; x_wconf 86' lang='lat' dir='ltr'>rationes</span> <span class='ocrx_word' id='word_1_89' title='bbox 960 1525 1071 1590; x_wconf 84' lang='lat' dir='ltr'>reddit</span> <span class='ocrx_word' id='word_1_90' title='bbox 1085 1545 1147 1609; x_wconf 85' lang='lat' dir='ltr'>pro</span> <span class='ocrx_word' id='word_1_91' title='bbox 1163 1546 1271 1615; x_wconf 87' lang='lat' dir='ltr'>rerum</span> 
     </span>
     <span class='ocr_line' id='line_1_12' title="bbox 69 1626 1272 1693; baseline 0.001 -5"><span class='ocrx_word' id='word_1_92' title='bbox 69 1647 230 1690; x_wconf 88' lang='lat' dir='ltr'>causarum</span> <span class='ocrx_word' id='word_1_93' title='bbox 252 1626 425 1691; x_wconf 87' lang='lat' dir='ltr'>hominum</span> <span class='ocrx_word' id='word_1_94' title='bbox 447 1629 641 1693; x_wconf 82' lang='lat' dir='ltr'>diversitate</span> <span class='ocrx_word' id='word_1_95' title='bbox 664 1630 736 1691; x_wconf 91' lang='lat' dir='ltr'>sine</span> <span class='ocrx_word' id='word_1_96' title='bbox 758 1627 863 1692; x_wconf 90' lang='lat' dir='ltr'>dubio</span> <span class='ocrx_word' id='word_1_97' title='bbox 885 1648 927 1691; x_wconf 84' lang='lat' dir='ltr'>ex</span> <span class='ocrx_word' id='word_1_98' title='bbox 949 1626 1028 1689; x_wconf 91' lang='lat' dir='ltr'>boni</span> <span class='ocrx_word' id='word_1_99' title='bbox 1052 1626 1114 1689; x_wconf 88' lang='lat' dir='ltr'>viri</span> <span class='ocrx_word' id='word_1_100' title='bbox 1135 1626 1272 1689; x_wconf 89' lang='lat' dir='ltr'>arbitrio</span> 
     </span>
     <span class='ocr_line' id='line_1_13' title="bbox 68 1726 1359 1814; baseline -0.001 -24"><span class='ocrx_word' id='word_1_101' title='bbox 68 1729 238 1814; x_wconf 83' lang='lat' dir='ltr'>propinqui</span> <span class='ocrx_word' id='word_1_102' title='bbox 270 1728 471 1813; x_wconf 84' lang='lat' dir='ltr'>dijudicant,</span> <span class='ocrx_word' id='word_1_103' title='bbox 495 1740 606 1795; x_wconf 89' lang='lat' dir='ltr'>utrum</span> <span class='ocrx_word' id='word_1_104' title='bbox 636 1730 801 1795; x_wconf 87' lang='lat' dir='ltr'>curatoris</span> <span class='ocrx_word' id='word_1_105' title='bbox 823 1726 925 1812; x_wconf 90' lang='lat' dir='ltr'>culpa</span> <span class='ocrx_word' id='word_1_106' title='bbox 947 1748 990 1791; x_wconf 89' lang='lat' dir='ltr'>an</span> <span class='ocrx_word' id='word_1_107' title='bbox 1013 1748 1095 1791; x_wconf 87' lang='lat' dir='ltr'>casu</span> <span class='ocrx_word' id='word_1_108' title='bbox 1118 1727 1272 1791; x_wconf 90' lang='lat' dir='ltr'>damnum</span> <span class='ocrx_word' id='word_1_109' title='bbox 1354 1727 1359 1737; x_wconf 91' lang='lat'>&#39;</span> 
     </span>
     <span class='ocr_line' id='line_1_14' title="bbox 69 1829 341 1896; baseline 0.011 -5"><span class='ocrx_word' id='word_1_110' title='bbox 69 1829 156 1892; x_wconf 92' lang='lat' dir='ltr'>bonis</span> <span class='ocrx_word' id='word_1_111' title='bbox 172 1829 341 1896; x_wconf 88' lang='lat' dir='ltr'>acciderit.</span> 
     </span>
    </p>

    <p class='ocr_par' dir='ltr' id='par_1_3' title="bbox 67 1916 1276 2929">
     <span class='ocr_line' id='line_1_15' title="bbox 125 1916 1275 2017; baseline 0 -23"><span class='ocrx_word' id='word_1_112' title='bbox 125 1916 332 2015; x_wconf 80' lang='lat' dir='ltr'>Muneribus,</span> <span class='ocrx_word' id='word_1_113' title='bbox 349 1952 435 2017; x_wconf 88' lang='lat' dir='ltr'>quae</span> <span class='ocrx_word' id='word_1_114' title='bbox 452 1931 566 1996; x_wconf 90' lang='lat' dir='ltr'>eadem</span> <span class='ocrx_word' id='word_1_115' title='bbox 583 1929 695 1994; x_wconf 86' lang='lat' dir='ltr'>omnia</span> <span class='ocrx_word' id='word_1_116' title='bbox 706 1928 1006 1993; x_wconf 69' lang='lat' dir='ltr'>scandinaviorum</span> <span class='ocrx_word' id='word_1_117' title='bbox 1017 1929 1096 2014; x_wconf 89' lang='lat' dir='ltr'>jura</span> <span class='ocrx_word' id='word_1_118' title='bbox 1108 1929 1275 1994; x_wconf 91' lang='lat' dir='ltr'>bonorum</span> 
     </span>
     <span class='ocr_line' id='line_1_16' title="bbox 68 2030 1275 2117; baseline 0.001 -22"><span class='ocrx_word' id='word_1_119' title='bbox 68 2034 205 2097; x_wconf 83' lang='lat' dir='ltr'>curatori</span> <span class='ocrx_word' id='word_1_120' title='bbox 226 2034 423 2117; x_wconf 90' lang='lat' dir='ltr'>imponunt,</span> <span class='ocrx_word' id='word_1_121' title='bbox 446 2041 485 2097; x_wconf 92' lang='lat' dir='ltr'>ut</span> <span class='ocrx_word' id='word_1_122' title='bbox 505 2031 682 2117; x_wconf 83' lang='lat' dir='ltr'>fungatur,</span> <span class='ocrx_word' id='word_1_123' title='bbox 704 2030 887 2116; x_wconf 89' lang='lat' dir='ltr'>injudicio</span> <span class='ocrx_word' id='word_1_124' title='bbox 908 2050 1046 2116; x_wconf 92' lang='lat' dir='ltr'>quoque</span> <span class='ocrx_word' id='word_1_125' title='bbox 1068 2052 1129 2115; x_wconf 91' lang='lat' dir='ltr'>pro</span> <span class='ocrx_word' id='word_1_126' title='bbox 1154 2032 1275 2117; x_wconf 89' lang='lat' dir='ltr'>pupilli</span> 
     </span>
     <span class='ocr_line' id='line_1_17' title="bbox 67 2130 1275 2220; baseline 0.002 -24"><span class='ocrx_word' id='word_1_127' title='bbox 67 2133 157 2198; x_wconf 90' lang='lat' dir='ltr'>bonis</span> <span class='ocrx_word' id='word_1_128' title='bbox 172 2134 293 2220; x_wconf 89' lang='lat' dir='ltr'>agendi</span> <span class='ocrx_word' id='word_1_129' title='bbox 309 2134 453 2198; x_wconf 83' lang='lat' dir='ltr'>facultas</span> <span class='ocrx_word' id='word_1_130' title='bbox 476 2134 504 2197; x_wconf 92' lang='lat' dir='ltr'>ei</span> <span class='ocrx_word' id='word_1_131' title='bbox 527 2132 734 2198; x_wconf 86' lang='lat' dir='ltr'>concedatur</span> <span class='ocrx_word' id='word_1_132' title='bbox 755 2152 895 2195; x_wconf 89' lang='lat' dir='ltr'>necesse</span> <span class='ocrx_word' id='word_1_133' title='bbox 911 2143 971 2195; x_wconf 88' lang='lat' dir='ltr'>est.</span> <span class='ocrx_word' id='word_1_134' title='bbox 1017 2130 1093 2211; x_wconf 84' lang='lat' dir='ltr'>Qua</span> <span class='ocrx_word' id='word_1_135' title='bbox 1114 2132 1275 2199; x_wconf 78' lang='lat' dir='ltr'>facultate</span> 
     </span>
     <span class='ocr_line' id='line_1_18' title="bbox 68 2233 1274 2321; baseline 0 -22"><span class='ocrx_word' id='word_1_136' title='bbox 68 2256 159 2321; x_wconf 90' lang='lat' dir='ltr'>quum</span> <span class='ocrx_word' id='word_1_137' title='bbox 175 2245 248 2300; x_wconf 84' lang='lat' dir='ltr'>tota</span> <span class='ocrx_word' id='word_1_138' title='bbox 264 2236 355 2320; x_wconf 91' lang='lat' dir='ltr'>apud</span> <span class='ocrx_word' id='word_1_139' title='bbox 376 2255 491 2299; x_wconf 80' lang='lat' dir='ltr'>omnes</span> <span class='ocrx_word' id='word_1_140' title='bbox 507 2233 750 2313; x_wconf 81' lang='lat' dir='ltr'>Scandiuaviae</span> <span class='ocrx_word' id='word_1_141' title='bbox 762 2241 880 2318; x_wconf 83' lang='lat' dir='ltr'>gentes</span> <span class='ocrx_word' id='word_1_142' title='bbox 893 2233 1041 2318; x_wconf 90' lang='lat' dir='ltr'>pupillus</span> <span class='ocrx_word' id='word_1_143' title='bbox 1058 2236 1103 2300; x_wconf 92' lang='lat' dir='ltr'>sit</span> <span class='ocrx_word' id='word_1_144' title='bbox 1113 2236 1274 2319; x_wconf 88' lang='lat' dir='ltr'>privatus,</span> 
     </span>
     <span class='ocr_line' id='line_1_19' title="bbox 70 2334 1273 2423; baseline 0.002 -25"><span class='ocrx_word' id='word_1_145' title='bbox 70 2356 175 2401; x_wconf 89' lang='lat' dir='ltr'>omnes</span> <span class='ocrx_word' id='word_1_146' title='bbox 199 2358 312 2401; x_wconf 89' lang='lat' dir='ltr'>coram</span> <span class='ocrx_word' id='word_1_147' title='bbox 331 2337 447 2423; x_wconf 83' lang='lat' dir='ltr'>judice</span> <span class='ocrx_word' id='word_1_148' title='bbox 471 2356 600 2410; x_wconf 87' lang='lat' dir='ltr'>causas,</span> <span class='ocrx_word' id='word_1_149' title='bbox 625 2356 711 2421; x_wconf 93' lang='lat' dir='ltr'>quae</span> <span class='ocrx_word' id='word_1_150' title='bbox 732 2334 775 2398; x_wconf 91' lang='lat' dir='ltr'>ad</span> <span class='ocrx_word' id='word_1_151' title='bbox 798 2334 889 2399; x_wconf 89' lang='lat' dir='ltr'>bona</span> <span class='ocrx_word' id='word_1_152' title='bbox 909 2336 1075 2400; x_wconf 90' lang='lat' dir='ltr'>servanda</span> <span class='ocrx_word' id='word_1_153' title='bbox 1096 2336 1273 2422; x_wconf 86' lang='lat' dir='ltr'>pertinent,</span> 
     </span>
     <span class='ocr_line' id='line_1_20' title="bbox 70 2436 1274 2524; baseline 0 -23"><span class='ocrx_word' id='word_1_154' title='bbox 70 2448 196 2503; x_wconf 88' lang='lat' dir='ltr'>curator</span> <span class='ocrx_word' id='word_1_155' title='bbox 211 2437 306 2524; x_wconf 84' lang='lat' dir='ltr'>gerit,</span> <span class='ocrx_word' id='word_1_156' title='bbox 324 2437 415 2521; x_wconf 86' lang='lat' dir='ltr'>petit,</span> <span class='ocrx_word' id='word_1_157' title='bbox 432 2437 565 2522; x_wconf 92' lang='lat' dir='ltr'>probat,</span> <span class='ocrx_word' id='word_1_158' title='bbox 575 2437 670 2523; x_wconf 83' lang='lat' dir='ltr'>jurat</span> <span class='ocrx_word' id='word_1_159' title='bbox 685 2444 788 2522; x_wconf 90' lang='lat' dir='ltr'>atque</span> <span class='ocrx_word' id='word_1_160' title='bbox 802 2436 857 2499; x_wconf 92' lang='lat' dir='ltr'>his</span> <span class='ocrx_word' id='word_1_161' title='bbox 872 2437 907 2500; x_wconf 91' lang='lat' dir='ltr'>in</span> <span class='ocrx_word' id='word_1_162' title='bbox 923 2438 1112 2501; x_wconf 83' lang='lat' dir='ltr'>actionibus</span> <span class='ocrx_word' id='word_1_163' title='bbox 1128 2458 1190 2523; x_wconf 91' lang='lat' dir='ltr'>pro</span> <span class='ocrx_word' id='word_1_164' title='bbox 1206 2438 1274 2501; x_wconf 88' lang='lat' dir='ltr'>sin·</span> 
     </span>
     <span class='ocr_line' id='line_1_21' title="bbox 69 2536 1274 2623; baseline 0 -22"><span class='ocrx_word' id='word_1_165' title='bbox 69 2539 148 2623; x_wconf 87' lang='lat' dir='ltr'>gulis</span> <span class='ocrx_word' id='word_1_166' title='bbox 178 2540 291 2604; x_wconf 89' lang='lat' dir='ltr'>causis</span> <span class='ocrx_word' id='word_1_167' title='bbox 315 2540 455 2603; x_wconf 81' lang='lat' dir='ltr'>(liversis</span> <span class='ocrx_word' id='word_1_168' title='bbox 479 2538 613 2603; x_wconf 88' lang='lat' dir='ltr'>diverso</span> <span class='ocrx_word' id='word_1_169' title='bbox 638 2538 738 2607; x_wconf 88' lang='lat' dir='ltr'>modo</span> <span class='ocrx_word' id='word_1_170' title='bbox 763 2559 837 2602; x_wconf 91' lang='lat' dir='ltr'>eum</span> <span class='ocrx_word' id='word_1_171' title='bbox 864 2536 1027 2623; x_wconf 86' lang='lat' dir='ltr'>adjuvant</span> <span class='ocrx_word' id='word_1_172' title='bbox 1049 2537 1105 2602; x_wconf 89' lang='lat' dir='ltr'>alii</span> <span class='ocrx_word' id='word_1_173' title='bbox 1135 2538 1274 2623; x_wconf 91' lang='lat' dir='ltr'>propin·</span> 
     </span>
     <span class='ocr_line' id='line_1_22' title="bbox 68 2638 1275 2727; baseline 0 -24"><span class='ocrx_word' id='word_1_174' title='bbox 68 2640 192 2725; x_wconf 71' lang='lat' dir='ltr'>qui27).</span> <span class='ocrx_word' id='word_1_175' title='bbox 215 2638 377 2726; x_wconf 85' lang='lat' dir='ltr'>Singulae</span> <span class='ocrx_word' id='word_1_176' title='bbox 392 2662 445 2705; x_wconf 88' lang='lat' dir='ltr'>res</span> <span class='ocrx_word' id='word_1_177' title='bbox 462 2640 633 2727; x_wconf 91' lang='lat' dir='ltr'>quomodo</span> <span class='ocrx_word' id='word_1_178' title='bbox 649 2640 822 2726; x_wconf 89' lang='lat' dir='ltr'>injudicio</span> <span class='ocrx_word' id='word_1_179' title='bbox 839 2647 990 2725; x_wconf 83' lang='lat' dir='ltr'>agantur,</span> <span class='ocrx_word' id='word_1_180' title='bbox 1007 2640 1142 2724; x_wconf 90' lang='lat' dir='ltr'>penitus</span> <span class='ocrx_word' id='word_1_181' title='bbox 1152 2639 1275 2703; x_wconf 89' lang='lat' dir='ltr'>intueri</span> 
     </span>
     <span class='ocr_line' id='line_1_23' title="bbox 68 2739 1274 2829; baseline 0.002 -26"><span class='ocrx_word' id='word_1_182' title='bbox 68 2762 85 2803; x_wconf 91' lang='lat' dir='ltr'>a</span> <span class='ocrx_word' id='word_1_183' title='bbox 99 2741 200 2807; x_wconf 88' lang='lat' dir='ltr'>tutela</span> <span class='ocrx_word' id='word_1_184' title='bbox 217 2760 317 2829; x_wconf 88' lang='lat' dir='ltr'>quam</span> <span class='ocrx_word' id='word_1_185' title='bbox 335 2750 515 2806; x_wconf 85' lang='lat' dir='ltr'>tractamus</span> <span class='ocrx_word' id='word_1_186' title='bbox 529 2740 629 2805; x_wconf 87' lang='lat' dir='ltr'>valde</span> <span class='ocrx_word' id='word_1_187' title='bbox 641 2741 810 2806; x_wconf 88' lang='lat' dir='ltr'>abhorret.</span> <span class='ocrx_word' id='word_1_188' title='bbox 833 2739 966 2823; x_wconf 80' lang='lat' dir='ltr'>Quibus</span> <span class='ocrx_word' id='word_1_189' title='bbox 981 2740 1016 2806; x_wconf 91' lang='lat' dir='ltr'>in</span> <span class='ocrx_word' id='word_1_190' title='bbox 1032 2740 1143 2805; x_wconf 87' lang='lat' dir='ltr'>causis</span> <span class='ocrx_word' id='word_1_191' title='bbox 1155 2762 1274 2827; x_wconf 80' lang='lat' dir='ltr'>geren·</span> 
     </span>
     <span class='ocr_line' id='line_1_24' title="bbox 68 2841 1276 2929; baseline 0.001 -23"><span class='ocrx_word' id='word_1_192' title='bbox 68 2842 114 2907; x_wconf 91' lang='lat' dir='ltr'>dis</span> <span class='ocrx_word' id='word_1_193' title='bbox 134 2844 163 2908; x_wconf 87' lang='lat' dir='ltr'>si</span> <span class='ocrx_word' id='word_1_194' title='bbox 177 2852 366 2908; x_wconf 88' lang='lat' dir='ltr'>curatorem</span> <span class='ocrx_word' id='word_1_195' title='bbox 382 2841 509 2927; x_wconf 88' lang='lat' dir='ltr'>aliquid</span> <span class='ocrx_word' id='word_1_196' title='bbox 533 2864 694 2927; x_wconf 84' lang='lat' dir='ltr'>peccasse</span> <span class='ocrx_word' id='word_1_197' title='bbox 709 2841 884 2927; x_wconf 89' lang='lat' dir='ltr'>probatur,</span> <span class='ocrx_word' id='word_1_198' title='bbox 907 2842 990 2929; x_wconf 93' lang='lat' dir='ltr'>quin</span> <span class='ocrx_word' id='word_1_199' title='bbox 1006 2863 1104 2908; x_wconf 89' lang='lat' dir='ltr'>omne</span> <span class='ocrx_word' id='word_1_200' title='bbox 1120 2841 1276 2907; x_wconf 91' lang='lat' dir='ltr'>damnum</span> 
     </span>
    </p>
   </div>
   <div class='ocr_carea' id='block_1_3' title="bbox 67 3146 1312 4731">
    <p class='ocr_par' dir='ltr' id='par_1_4' title="bbox 67 3146 1278 3388">
     <span class='ocr_line' id='line_1_25' title="bbox 68 3146 1277 3217; baseline 0.004 -19"><span class='ocrx_word' id='word_1_201' title='bbox 68 3164 119 3213; x_wconf 83' lang='lat' dir='ltr'>per,</span> <span class='ocrx_word' id='word_1_202' title='bbox 136 3158 162 3199; x_wconf 89' lang='lat' dir='ltr'>at</span> <span class='ocrx_word' id='word_1_203' title='bbox 180 3148 212 3200; x_wconf 87' lang='lat' dir='ltr'>de</span> <span class='ocrx_word' id='word_1_204' title='bbox 226 3146 288 3199; x_wconf 85' lang='lat' dir='ltr'>ikke</span> <span class='ocrx_word' id='word_1_205' title='bbox 306 3149 394 3200; x_wconf 86' lang='lat' dir='ltr'>kunne</span> <span class='ocrx_word' id='word_1_206' title='bbox 413 3164 518 3201; x_wconf 86' lang='lat' dir='ltr'>ernaere</span> <span class='ocrx_word' id='word_1_207' title='bbox 537 3148 603 3213; x_wconf 86' lang='lat' dir='ltr'>dem,</span> <span class='ocrx_word' id='word_1_208' title='bbox 622 3148 692 3200; x_wconf 89' lang='lat' dir='ltr'>uden</span> <span class='ocrx_word' id='word_1_209' title='bbox 715 3148 748 3200; x_wconf 90' lang='lat' dir='ltr'>de</span> <span class='ocrx_word' id='word_1_210' title='bbox 765 3148 856 3217; x_wconf 82' lang='lat' dir='ltr'>saelge</span> <span class='ocrx_word' id='word_1_211' title='bbox 873 3149 948 3201; x_wconf 90' lang='lat' dir='ltr'>deres</span> <span class='ocrx_word' id='word_1_212' title='bbox 965 3150 1039 3214; x_wconf 81' lang='lat' dir='ltr'>Jerd,</span> <span class='ocrx_word' id='word_1_213' title='bbox 1058 3150 1093 3202; x_wconf 84' lang='lat' dir='ltr'>da</span> <span class='ocrx_word' id='word_1_214' title='bbox 1103 3148 1190 3202; x_wconf 81' lang='lat' dir='ltr'>skulle</span> <span class='ocrx_word' id='word_1_215' title='bbox 1202 3151 1277 3203; x_wconf 87' lang='lat' dir='ltr'>deres</span> 
     </span>
     <span class='ocr_line' id='line_1_26' title="bbox 67 3231 1278 3304; baseline 0.004 -21"><span class='ocrx_word' id='word_1_216' title='bbox 67 3233 192 3285; x_wconf 85' lang='lat' dir='ltr'>Fraender</span> <span class='ocrx_word' id='word_1_217' title='bbox 208 3250 276 3300; x_wconf 78' lang='lat' dir='ltr'>gase</span> <span class='ocrx_word' id='word_1_218' title='bbox 293 3231 353 3285; x_wconf 88' lang='lat' dir='ltr'>med</span> <span class='ocrx_word' id='word_1_219' title='bbox 369 3233 428 3284; x_wconf 90' lang='lat' dir='ltr'>dem</span> <span class='ocrx_word' id='word_1_220' title='bbox 445 3234 476 3285; x_wconf 92' lang='lat' dir='ltr'>til</span> <span class='ocrx_word' id='word_1_221' title='bbox 493 3233 578 3299; x_wconf 83' lang='lat' dir='ltr'>Tinge</span> <span class='ocrx_word' id='word_1_222' title='bbox 595 3249 630 3300; x_wconf 84' lang='lat' dir='ltr'>og</span> <span class='ocrx_word' id='word_1_223' title='bbox 648 3233 705 3300; x_wconf 82' lang='lat' dir='ltr'>lyae</span> <span class='ocrx_word' id='word_1_224' title='bbox 723 3234 776 3297; x_wconf 87' lang='lat' dir='ltr'>der,</span> <span class='ocrx_word' id='word_1_225' title='bbox 789 3240 817 3285; x_wconf 83' lang='lat' dir='ltr'>at</span> <span class='ocrx_word' id='word_1_226' title='bbox 828 3234 861 3287; x_wconf 87' lang='lat' dir='ltr'>de</span> <span class='ocrx_word' id='word_1_227' title='bbox 873 3234 942 3287; x_wconf 83' lang='lat' dir='ltr'>have</span> <span class='ocrx_word' id='word_1_228' title='bbox 953 3237 1033 3303; x_wconf 80' lang='lat' dir='ltr'>ingen</span> <span class='ocrx_word' id='word_1_229' title='bbox 1044 3236 1130 3287; x_wconf 86' lang='lat' dir='ltr'>auden</span> <span class='ocrx_word' id='word_1_230' title='bbox 1141 3235 1230 3303; x_wconf 80' lang='lat' dir='ltr'>Hiolp,</span> <span class='ocrx_word' id='word_1_231' title='bbox 1242 3253 1278 3304; x_wconf 78' lang='lat' dir='ltr'>og</span> 
     </span>
     <span class='ocr_line' id='line_1_27' title="bbox 67 3318 1244 3388; baseline 0.003 -21"><span class='ocrx_word' id='word_1_232' title='bbox 67 3318 97 3368; x_wconf 86' lang='lat' dir='ltr'>da</span> <span class='ocrx_word' id='word_1_233' title='bbox 108 3320 162 3370; x_wconf 90' lang='lat' dir='ltr'>scal</span> <span class='ocrx_word' id='word_1_234' title='bbox 173 3334 243 3381; x_wconf 89' lang='lat' dir='ltr'>man,</span> <span class='ocrx_word' id='word_1_235' title='bbox 256 3318 315 3369; x_wconf 88' lang='lat' dir='ltr'>med</span> <span class='ocrx_word' id='word_1_236' title='bbox 327 3319 504 3385; x_wconf 82' lang='lat' dir='ltr'>Tingmaends</span> <span class='ocrx_word' id='word_1_237' title='bbox 517 3336 552 3386; x_wconf 79' lang='lat' dir='ltr'>og</span> <span class='ocrx_word' id='word_1_238' title='bbox 563 3318 637 3371; x_wconf 88' lang='lat' dir='ltr'>deres</span> <span class='ocrx_word' id='word_1_239' title='bbox 650 3319 796 3370; x_wconf 84' lang='lat' dir='ltr'>Fraenders</span> <span class='ocrx_word' id='word_1_240' title='bbox 808 3320 879 3371; x_wconf 81' lang='lat' dir='ltr'>Raed</span> <span class='ocrx_word' id='word_1_241' title='bbox 892 3320 976 3371; x_wconf 82' lang='lat' dir='ltr'>bellet</span> <span class='ocrx_word' id='word_1_242' title='bbox 988 3321 1078 3388; x_wconf 80' lang='lat' dir='ltr'>saelge</span> <span class='ocrx_word' id='word_1_243' title='bbox 1089 3321 1196 3371; x_wconf 84' lang='lat' dir='ltr'>Jorden.</span> <span class='ocrx_word' id='word_1_244' title='bbox 1207 3349 1244 3358; x_wconf 89' lang='lat'><em>-</em></span> 
     </span>
    </p>

    <p class='ocr_par' dir='ltr' id='par_1_5' title="bbox 67 3400 1279 3727">
     <span class='ocr_line' id='line_1_28' title="bbox 116 3400 1279 3473; baseline 0.003 -20"><span class='ocrx_word' id='word_1_245' title='bbox 116 3400 157 3468; x_wconf 65' lang='grc' dir='ltr'>Η)</span> <span class='ocrx_word' id='word_1_246' title='bbox 176 3404 257 3471; x_wconf 72' lang='lat' dir='ltr'>Grag.</span> <span class='ocrx_word' id='word_1_247' title='bbox 276 3404 331 3457; x_wconf 77' lang='lat' dir='ltr'>Ars.</span> <span class='ocrx_word' id='word_1_248' title='bbox 351 3410 377 3472; x_wconf 78' lang='lat' dir='ltr'>p.</span> <span class='ocrx_word' id='word_1_249' title='bbox 396 3407 440 3456; x_wconf 84' lang='lat' dir='ltr'>ac</span> <span class='ocrx_word' id='word_1_250' title='bbox 457 3403 480 3471; x_wconf 93' lang='grc' dir='ltr'>(Ι</span> <span class='ocrx_word' id='word_1_251' title='bbox 495 3406 543 3455; x_wconf 89' lang='grc'>192</span> <span class='ocrx_word' id='word_1_252' title='bbox 556 3402 622 3471; x_wconf 86' lang='lat' dir='ltr'>sqq.)</span> <span class='ocrx_word' id='word_1_253' title='bbox 640 3404 683 3472; x_wconf 84' lang='lat' dir='ltr'>Ny</span> <span class='ocrx_word' id='word_1_254' title='bbox 700 3404 788 3455; x_wconf 89' lang='lat' dir='ltr'>Lands</span> <span class='ocrx_word' id='word_1_255' title='bbox 807 3406 836 3473; x_wconf 68' lang='lat' dir='ltr'>L,</span> <span class='ocrx_word' id='word_1_256' title='bbox 855 3405 887 3468; x_wconf 90' lang='lat' dir='ltr'>V,</span> <span class='ocrx_word' id='word_1_257' title='bbox 907 3409 939 3456; x_wconf 85' lang='lat'>14</span> <span class='ocrx_word' id='word_1_258' title='bbox 958 3403 1002 3472; x_wconf 88' lang='lat'>(11,</span> <span class='ocrx_word' id='word_1_259' title='bbox 1021 3405 1064 3472; x_wconf 81' lang='grc'>87)</span> <span class='ocrx_word' id='word_1_260' title='bbox 1082 3408 1140 3459; x_wconf 80' lang='lat' dir='ltr'>Ena</span> <span class='ocrx_word' id='word_1_261' title='bbox 1157 3406 1279 3458; x_wconf 78' lang='lat' dir='ltr'>fruendor</span> 
     </span>
     <span class='ocr_line' id='line_1_29' title="bbox 67 3487 1279 3560; baseline 0.006 -24"><span class='ocrx_word' id='word_1_262' title='bbox 67 3487 145 3555; x_wconf 81' lang='lat' dir='ltr'>byggi</span> <span class='ocrx_word' id='word_1_263' title='bbox 158 3495 185 3539; x_wconf 88' lang='lat' dir='ltr'>at</span> <span class='ocrx_word' id='word_1_264' title='bbox 198 3489 214 3539; x_wconf 75' lang='lat' dir='ltr'>d</span> <span class='ocrx_word' id='word_1_265' title='bbox 226 3488 345 3539; x_wconf 82' lang='lat' dir='ltr'>hveriom</span> <span class='ocrx_word' id='word_1_266' title='bbox 356 3490 573 3551; x_wconf 69' lang='lat' dir='ltr'>tolfmrinnadem</span> <span class='ocrx_word' id='word_1_267' title='bbox 591 3489 687 3541; x_wconf 82' lang='lat' dir='ltr'>hverso</span> <span class='ocrx_word' id='word_1_268' title='bbox 701 3490 761 3541; x_wconf 90' lang='lat' dir='ltr'>med</span> <span class='ocrx_word' id='word_1_269' title='bbox 775 3509 803 3541; x_wconf 92' lang='lat' dir='ltr'>er</span> <span class='ocrx_word' id='word_1_270' title='bbox 814 3489 882 3552; x_wconf 76' lang='lat' dir='ltr'>furit,</span> <span class='ocrx_word' id='word_1_271' title='bbox 900 3506 932 3541; x_wconf 89' lang='lat' dir='ltr'>oe</span> <span class='ocrx_word' id='word_1_272' title='bbox 944 3492 981 3541; x_wconf 74' lang='lat' dir='ltr'>fai</span> <span class='ocrx_word' id='word_1_273' title='bbox 994 3491 1110 3554; x_wconf 80' lang='lat' dir='ltr'>andrum,</span> <span class='ocrx_word' id='word_1_274' title='bbox 1122 3494 1151 3543; x_wconf 84' lang='lat' dir='ltr'>es</span> <span class='ocrx_word' id='word_1_275' title='bbox 1159 3493 1190 3543; x_wconf 74' lang='lat' dir='ltr'>sa</span> <span class='ocrx_word' id='word_1_276' title='bbox 1200 3492 1279 3560; x_wconf 79' lang='lat' dir='ltr'>dugir</span> 
     </span>
     <span class='ocr_line' id='line_1_30' title="bbox 67 3565 1278 3644; baseline 0.005 -22"><span class='ocrx_word' id='word_1_277' title='bbox 67 3573 117 3638; x_wconf 78' lang='lat' dir='ltr'>sigi</span> <span class='ocrx_word' id='word_1_278' title='bbox 129 3573 186 3624; x_wconf 88' lang='lat' dir='ltr'>med</span> <span class='ocrx_word' id='word_1_279' title='bbox 199 3572 296 3625; x_wconf 86' lang='lat' dir='ltr'>fnllum</span> <span class='ocrx_word' id='word_1_280' title='bbox 308 3565 459 3626; x_wconf 82' lang='lat' dir='ltr'>vaurdslom</span> <span class='ocrx_word' id='word_1_281' title='bbox 472 3581 499 3625; x_wconf 82' lang='lat' dir='ltr'>at</span> <span class='ocrx_word' id='word_1_282' title='bbox 511 3574 541 3625; x_wconf 76' lang='lat' dir='ltr'>st</span> <span class='ocrx_word' id='word_1_283' title='bbox 553 3574 627 3641; x_wconf 80' lang='lat' dir='ltr'>leggi</span> <span class='ocrx_word' id='word_1_284' title='bbox 639 3574 704 3625; x_wconf 80' lang='lat' dir='ltr'>moti</span> <span class='ocrx_word' id='word_1_285' title='bbox 715 3592 744 3626; x_wconf 88' lang='lat' dir='ltr'>cr</span> <span class='ocrx_word' id='word_1_286' title='bbox 755 3575 871 3638; x_wconf 82' lang='lat' dir='ltr'>vidtekr3</span> <span class='ocrx_word' id='word_1_287' title='bbox 889 3576 949 3642; x_wconf 82' lang='lat' dir='ltr'>Wg.</span> <span class='ocrx_word' id='word_1_288' title='bbox 962 3576 984 3627; x_wconf 88' lang='lat' dir='ltr'>L</span> <span class='ocrx_word' id='word_1_289' title='bbox 1005 3577 1067 3629; x_wconf 78' lang='lat' dir='ltr'>Arv.</span> <span class='ocrx_word' id='word_1_290' title='bbox 1081 3576 1106 3630; x_wconf 88' lang='lat' dir='ltr'>b.</span> <span class='ocrx_word' id='word_1_291' title='bbox 1120 3578 1158 3628; x_wconf 89' lang='lat' dir='ltr'>VI</span> <span class='ocrx_word' id='word_1_292' title='bbox 1169 3576 1192 3644; x_wconf 93' lang='grc' dir='ltr'>(Ι</span> <span class='ocrx_word' id='word_1_293' title='bbox 1206 3575 1278 3644; x_wconf 82' lang='lat'><strong>135);</strong></span> 
     </span>
     <span class='ocr_line' id='line_1_31' title="bbox 67 3656 964 3727; baseline 0.004 -18"><span class='ocrx_word' id='word_1_294' title='bbox 67 3656 107 3711; x_wconf 76' lang='lat' dir='ltr'>br.</span> <span class='ocrx_word' id='word_1_295' title='bbox 118 3658 182 3725; x_wconf 82' lang='lat' dir='ltr'>Reg.</span> <span class='ocrx_word' id='word_1_296' title='bbox 195 3659 225 3712; x_wconf 85' lang='lat' dir='ltr'>L.</span> <span class='ocrx_word' id='word_1_297' title='bbox 240 3658 303 3713; x_wconf 78' lang='lat' dir='ltr'>aiei.</span> <span class='ocrx_word' id='word_1_298' title='bbox 316 3659 335 3719; x_wconf 88' lang='lat'>1,</span> <span class='ocrx_word' id='word_1_299' title='bbox 348 3660 389 3721; x_wconf 85' lang='grc'>46,</span> <span class='ocrx_word' id='word_1_300' title='bbox 401 3660 435 3712; x_wconf 84' lang='grc'>48</span> <span class='ocrx_word' id='word_1_301' title='bbox 448 3658 493 3726; x_wconf 88' lang='grc' dir='ltr'>(ΙΙ,</span> <span class='ocrx_word' id='word_1_302' title='bbox 505 3663 546 3723; x_wconf 77' lang='lat' dir='ltr'>oi,</span> <span class='ocrx_word' id='word_1_303' title='bbox 560 3656 603 3724; x_wconf 86' lang='grc'>61)</span> <span class='ocrx_word' id='word_1_304' title='bbox 615 3661 663 3723; x_wconf 91' lang='grc' dir='ltr'>ΙΙΙ,</span> <span class='ocrx_word' id='word_1_305' title='bbox 677 3664 709 3711; x_wconf 84' lang='grc'>10</span> <span class='ocrx_word' id='word_1_306' title='bbox 722 3660 759 3727; x_wconf 94' lang='grc' dir='ltr'>(ΙΙ</span> <span class='ocrx_word' id='word_1_307' title='bbox 773 3658 833 3726; x_wconf 83' lang='grc'>217)</span> <span class='ocrx_word' id='word_1_308' title='bbox 845 3677 870 3712; x_wconf 78' lang='lat' dir='ltr'>r.</span> <span class='ocrx_word' id='word_1_309' title='bbox 883 3678 908 3713; x_wconf 88' lang='lat' dir='ltr'>n.</span> <span class='ocrx_word' id='word_1_310' title='bbox 924 3664 964 3713; x_wconf 80' lang='grc'>23.</span> 
     </span>
    </p>

    <p class='ocr_par' dir='ltr' id='par_1_6' title="bbox 67 3731 1280 4065">
     <span class='ocr_line' id='line_1_32' title="bbox 116 3731 1280 3813; baseline 0.003 -19"><span class='ocrx_word' id='word_1_311' title='bbox 116 3741 157 3809; x_wconf 75' lang='lat'>²³)</span> <span class='ocrx_word' id='word_1_312' title='bbox 176 3744 258 3810; x_wconf 73' lang='lat' dir='ltr'>arag.</span> <span class='ocrx_word' id='word_1_313' title='bbox 277 3744 333 3794; x_wconf 77' lang='lat' dir='ltr'>ru.</span> <span class='ocrx_word' id='word_1_314' title='bbox 351 3750 378 3811; x_wconf 77' lang='lat' dir='ltr'>p.</span> <span class='ocrx_word' id='word_1_315' title='bbox 397 3746 412 3795; x_wconf 87' lang='lat' dir='ltr'>e</span> <span class='ocrx_word' id='word_1_316' title='bbox 433 3731 496 3812; x_wconf 67' lang='lat' dir='ltr'>eu,</span> <span class='ocrx_word' id='word_1_317' title='bbox 517 3742 576 3810; x_wconf 79' lang='lat' dir='ltr'>ree)</span> <span class='ocrx_word' id='word_1_318' title='bbox 593 3745 630 3796; x_wconf 84' lang='lat' dir='ltr'>m</span> <span class='ocrx_word' id='word_1_319' title='bbox 644 3760 674 3795; x_wconf 74' lang='lat' dir='ltr'>sa</span> <span class='ocrx_word' id='word_1_320' title='bbox 691 3750 768 3812; x_wconf 62' lang='lat' dir='ltr'>nupt</span> <span class='ocrx_word' id='word_1_321' title='bbox 783 3747 849 3795; x_wconf 72' lang='lat' dir='ltr'>feru</span> <span class='ocrx_word' id='word_1_322' title='bbox 865 3748 891 3796; x_wconf 80' lang='lat' dir='ltr'>e</span> <span class='ocrx_word' id='word_1_323' title='bbox 909 3750 956 3813; x_wconf 77' lang='lat' dir='ltr'>pat</span> <span class='ocrx_word' id='word_1_324' title='bbox 973 3746 1114 3813; x_wconf 80' lang='lat' dir='ltr'>fiorpunga</span> <span class='ocrx_word' id='word_1_325' title='bbox 1131 3761 1148 3795; x_wconf 74' lang='lat' dir='ltr'>a</span> <span class='ocrx_word' id='word_1_326' title='bbox 1164 3746 1233 3795; x_wconf 76' lang='lat' dir='ltr'>mina</span> <span class='ocrx_word' id='word_1_327' title='bbox 1251 3762 1280 3797; x_wconf 74' lang='lat' dir='ltr'>er</span> 
     </span>
     <span class='ocr_line' id='line_1_33' title="bbox 67 3828 1279 3898; baseline 0.006 -21"><span class='ocrx_word' id='word_1_328' title='bbox 67 3830 202 3895; x_wconf 75' lang='lat' dir='ltr'>vrrpveita</span> <span class='ocrx_word' id='word_1_329' title='bbox 225 3845 241 3879; x_wconf 89' lang='lat' dir='ltr'>a</span> <span class='ocrx_word' id='word_1_330' title='bbox 264 3830 311 3879; x_wconf 84' lang='lat' dir='ltr'>seit</span> <span class='ocrx_word' id='word_1_331' title='bbox 328 3846 414 3885; x_wconf 79' lang='lat' dir='ltr'>aunan</span> <span class='ocrx_word' id='word_1_332' title='bbox 431 3846 484 3897; x_wconf 74' lang='lat' dir='ltr'>reg</span> <span class='ocrx_word' id='word_1_333' title='bbox 501 3847 552 3881; x_wconf 84' lang='lat' dir='ltr'>ann</span> <span class='ocrx_word' id='word_1_334' title='bbox 569 3847 607 3881; x_wconf 87' lang='lat' dir='ltr'>uu</span> <span class='ocrx_word' id='word_1_335' title='bbox 626 3846 655 3881; x_wconf 87' lang='lat' dir='ltr'>er</span> <span class='ocrx_word' id='word_1_336' title='bbox 665 3830 732 3892; x_wconf 75' lang='lat' dir='ltr'>tulit,</span> <span class='ocrx_word' id='word_1_337' title='bbox 750 3846 782 3881; x_wconf 91' lang='lat' dir='ltr'>oe</span> <span class='ocrx_word' id='word_1_338' title='bbox 799 3836 896 3897; x_wconf 65' lang='lat' dir='ltr'>carpat</span> <span class='ocrx_word' id='word_1_339' title='bbox 913 3836 960 3898; x_wconf 78' lang='lat' dir='ltr'>pat</span> <span class='ocrx_word' id='word_1_340' title='bbox 970 3831 1198 3897; x_wconf 72' lang='lat' dir='ltr'>iibrbangsgcrp3</span> <span class='ocrx_word' id='word_1_341' title='bbox 1214 3828 1279 3883; x_wconf 89' lang='lat' dir='ltr'>ibid.</span> 
     </span>
     <span class='ocr_line' id='line_1_34' title="bbox 67 3911 1280 3985; baseline 0.003 -25"><span class='ocrx_word' id='word_1_342' title='bbox 67 3911 231 3979; x_wconf 79' lang='lat' dir='ltr'>Landbrygp.</span> <span class='ocrx_word' id='word_1_343' title='bbox 245 3913 269 3965; x_wconf 91' lang='lat' dir='ltr'>b.</span> <span class='ocrx_word' id='word_1_344' title='bbox 283 3914 300 3967; x_wconf 93' lang='grc' dir='ltr'>Ι.</span> <span class='ocrx_word' id='word_1_345' title='bbox 314 3930 336 3971; x_wconf 85' lang='lat' dir='ltr'>e.</span> <span class='ocrx_word' id='word_1_346' title='bbox 349 3911 394 3980; x_wconf 87' lang='lat'>(11,</span> <span class='ocrx_word' id='word_1_347' title='bbox 408 3918 456 3965; x_wconf 88' lang='grc'>102</span> <span class='ocrx_word' id='word_1_348' title='bbox 469 3913 548 3982; x_wconf 86' lang='lat' dir='ltr'>sqq.);</span> <span class='ocrx_word' id='word_1_349' title='bbox 560 3914 637 3970; x_wconf 79' lang='lat' dir='ltr'>Aeld.</span> <span class='ocrx_word' id='word_1_350' title='bbox 650 3916 692 3985; x_wconf 74' lang='lat' dir='ltr'>Fr.</span> <span class='ocrx_word' id='word_1_351' title='bbox 706 3915 736 3968; x_wconf 89' lang='lat' dir='ltr'>L.</span> <span class='ocrx_word' id='word_1_352' title='bbox 749 3916 796 3979; x_wconf 88' lang='lat' dir='ltr'>IX,</span> <span class='ocrx_word' id='word_1_353' title='bbox 810 3918 850 3979; x_wconf 87' lang='grc'>24,</span> <span class='ocrx_word' id='word_1_354' title='bbox 863 3919 896 3967; x_wconf 88' lang='grc'>28</span> <span class='ocrx_word' id='word_1_355' title='bbox 908 3915 939 3983; x_wconf 89' lang='grc' dir='ltr'>(Ι,</span> <span class='ocrx_word' id='word_1_356' title='bbox 953 3919 1011 3979; x_wconf 89' lang='grc'>214,</span> <span class='ocrx_word' id='word_1_357' title='bbox 1024 3911 1085 3981; x_wconf 78' lang='lat' dir='ltr'>alb)</span> <span class='ocrx_word' id='word_1_358' title='bbox 1095 3915 1138 3981; x_wconf 84' lang='lat' dir='ltr'>Ny</span> <span class='ocrx_word' id='word_1_359' title='bbox 1149 3913 1237 3965; x_wconf 86' lang='lat' dir='ltr'>Lands</span> <span class='ocrx_word' id='word_1_360' title='bbox 1249 3914 1280 3965; x_wconf 94' lang='lat' dir='ltr'>L.</span> 
     </span>
     <span class='ocr_line' id='line_1_35' title="bbox 67 3995 264 4065; baseline 0.025 -18"><span class='ocrx_word' id='word_1_361' title='bbox 67 3996 96 4060; x_wconf 81' lang='lat' dir='ltr'>V,</span> <span class='ocrx_word' id='word_1_362' title='bbox 109 3999 141 4052; x_wconf 92' lang='grc'>14</span> <span class='ocrx_word' id='word_1_363' title='bbox 153 3997 198 4064; x_wconf 91' lang='grc' dir='ltr'>(ΙΙ,</span> <span class='ocrx_word' id='word_1_364' title='bbox 211 3995 264 4065; x_wconf 81' lang='grc'>87).</span> 
     </span>
    </p>

    <p class='ocr_par' dir='ltr' id='par_1_7' title="bbox 117 4081 246 4149">
     <span class='ocr_line' id='line_1_36' title="bbox 117 4081 246 4149; baseline 0.008 -15"><span class='ocrx_word' id='word_1_365' title='bbox 117 4081 159 4149; x_wconf 79' lang='lat'>²⁰)</span> <span class='ocrx_word' id='word_1_366' title='bbox 177 4083 209 4135; x_wconf 89' lang='lat' dir='ltr'>V.</span> <span class='ocrx_word' id='word_1_367' title='bbox 221 4100 246 4136; x_wconf 91' lang='lat' dir='ltr'>n.</span> 
     </span>
    </p>

    <p class='ocr_par' dir='ltr' id='par_1_8' title="bbox 67 4164 1312 4663">
     <span class='ocr_line' id='line_1_37' title="bbox 120 4164 1279 4236; baseline -0.002 -15"><span class='ocrx_word' id='word_1_368' title='bbox 120 4166 162 4235; x_wconf 67' lang='grc' dir='ltr'>Π)</span> <span class='ocrx_word' id='word_1_369' title='bbox 181 4168 261 4236; x_wconf 78' lang='lat' dir='ltr'>Grag.</span> <span class='ocrx_word' id='word_1_370' title='bbox 281 4168 366 4233; x_wconf 84' lang='lat' dir='ltr'>Kaup.</span> <span class='ocrx_word' id='word_1_371' title='bbox 384 4167 411 4222; x_wconf 88' lang='lat' dir='ltr'>b.</span> <span class='ocrx_word' id='word_1_372' title='bbox 429 4170 444 4219; x_wconf 85' lang='grc'>9</span> <span class='ocrx_word' id='word_1_373' title='bbox 458 4183 473 4219; x_wconf 86' lang='lat' dir='ltr'>o</span> <span class='ocrx_word' id='word_1_374' title='bbox 485 4166 515 4234; x_wconf 86' lang='grc' dir='ltr'>(Ι,</span> <span class='ocrx_word' id='word_1_375' title='bbox 528 4164 589 4234; x_wconf 86' lang='grc'>410)</span> <span class='ocrx_word' id='word_1_376' title='bbox 606 4169 642 4219; x_wconf 82' lang='lat' dir='ltr'>Ei</span> <span class='ocrx_word' id='word_1_377' title='bbox 653 4168 710 4236; x_wconf 77' lang='lat' dir='ltr'>peir</span> <span class='ocrx_word' id='word_1_378' title='bbox 726 4184 804 4219; x_wconf 88' lang='lat' dir='ltr'>menn</span> <span class='ocrx_word' id='word_1_379' title='bbox 822 4169 881 4235; x_wconf 79' lang='lat' dir='ltr'>eigo</span> <span class='ocrx_word' id='word_1_380' title='bbox 894 4173 993 4236; x_wconf 78' lang='lat' dir='ltr'>pangat</span> <span class='ocrx_word' id='word_1_381' title='bbox 1003 4167 1104 4218; x_wconf 84' lang='lat' dir='ltr'>fiarvan‘</span> <span class='ocrx_word' id='word_1_382' title='bbox 1114 4184 1143 4219; x_wconf 90' lang='lat' dir='ltr'>er</span> <span class='ocrx_word' id='word_1_383' title='bbox 1154 4169 1207 4236; x_wconf 83' lang='lat' dir='ltr'>eigi</span> <span class='ocrx_word' id='word_1_384' title='bbox 1219 4168 1279 4236; x_wconf 85' lang='lat' dir='ltr'>eigo</span> 
     </span>
     <span class='ocr_line' id='line_1_38' title="bbox 67 4249 1281 4321; baseline 0 -18"><span class='ocrx_word' id='word_1_385' title='bbox 67 4254 144 4305; x_wconf 88' lang='lat' dir='ltr'>sialflr</span> <span class='ocrx_word' id='word_1_386' title='bbox 156 4253 306 4321; x_wconf 82' lang='lat' dir='ltr'>verpeialor</span> <span class='ocrx_word' id='word_1_387' title='bbox 316 4254 364 4304; x_wconf 90' lang='lat' dir='ltr'>fiar</span> <span class='ocrx_word' id='word_1_388' title='bbox 375 4254 430 4304; x_wconf 89' lang='lat' dir='ltr'>sins</span> <span class='ocrx_word' id='word_1_389' title='bbox 442 4254 507 4319; x_wconf 81' lang='lat' dir='ltr'>syrin</span> <span class='ocrx_word' id='word_1_390' title='bbox 525 4249 589 4303; x_wconf 69' lang='lat' dir='ltr'>belzo</span> <span class='ocrx_word' id='word_1_391' title='bbox 608 4255 687 4315; x_wconf 81' lang='lat' dir='ltr'>sekir,</span> <span class='ocrx_word' id='word_1_392' title='bbox 700 4258 736 4320; x_wconf 76' lang='lat' dir='ltr'>pa</span> <span class='ocrx_word' id='word_1_393' title='bbox 753 4270 797 4305; x_wconf 89' lang='lat' dir='ltr'>ero</span> <span class='ocrx_word' id='word_1_394' title='bbox 810 4255 869 4321; x_wconf 79' lang='lat' dir='ltr'>pair</span> <span class='ocrx_word' id='word_1_395' title='bbox 885 4269 962 4304; x_wconf 90' lang='lat' dir='ltr'>menn</span> <span class='ocrx_word' id='word_1_396' title='bbox 979 4252 1079 4319; x_wconf 86' lang='lat' dir='ltr'>seyldir</span> <span class='ocrx_word' id='word_1_397' title='bbox 1089 4254 1121 4304; x_wconf 88' lang='lat' dir='ltr'>til</span> <span class='ocrx_word' id='word_1_398' title='bbox 1136 4255 1206 4304; x_wconf 79' lang='lat' dir='ltr'>sarar</span> <span class='ocrx_word' id='word_1_399' title='bbox 1217 4258 1281 4321; x_wconf 79' lang='lat' dir='ltr'>pon·</span> 
     </span>
     <span class='ocr_line' id='line_1_39' title="bbox 68 4338 1312 4411; baseline 0 -23"><span class='ocrx_word' id='word_1_400' title='bbox 68 4346 110 4403; x_wconf 82' lang='lat' dir='ltr'>gat</span> <span class='ocrx_word' id='word_1_401' title='bbox 130 4356 158 4389; x_wconf 90' lang='lat' dir='ltr'>er</span> <span class='ocrx_word' id='word_1_402' title='bbox 180 4340 205 4389; x_wconf 81' lang='lat' dir='ltr'>se</span> <span class='ocrx_word' id='word_1_403' title='bbox 224 4338 311 4405; x_wconf 76' lang='lat' dir='ltr'>peirra</span> <span class='ocrx_word' id='word_1_404' title='bbox 336 4340 395 4408; x_wconf 83' lang='lat' dir='ltr'>eigo</span> <span class='ocrx_word' id='word_1_405' title='bbox 414 4346 442 4389; x_wconf 86' lang='lat' dir='ltr'>at</span> <span class='ocrx_word' id='word_1_406' title='bbox 466 4338 611 4405; x_wconf 76' lang='lat' dir='ltr'>varpveits,</span> <span class='ocrx_word' id='word_1_407' title='bbox 634 4338 700 4389; x_wconf 89' lang='lat' dir='ltr'>enda</span> <span class='ocrx_word' id='word_1_408' title='bbox 717 4338 843 4405; x_wconf 76' lang='lat' dir='ltr'>abyrgiau</span> <span class='ocrx_word' id='word_1_409' title='bbox 860 4340 918 4405; x_wconf 79' lang='lat' dir='ltr'>pair</span> <span class='ocrx_word' id='word_1_410' title='bbox 936 4340 982 4407; x_wconf 78' lang='lat' dir='ltr'>vip</span> <span class='ocrx_word' id='word_1_411' title='bbox 999 4344 1096 4406; x_wconf 79' lang='lat' dir='ltr'>paena</span> <span class='ocrx_word' id='word_1_412' title='bbox 1118 4354 1189 4405; x_wconf 83' lang='lat' dir='ltr'>ungo</span> <span class='ocrx_word' id='word_1_413' title='bbox 1201 4354 1280 4389; x_wconf 86' lang='lat' dir='ltr'>menn</span> <span class='ocrx_word' id='word_1_414' title='bbox 1301 4394 1312 4411; x_wconf 79' lang='lat'><strong>.</strong></span> 
     </span>
     <span class='ocr_line' id='line_1_40' title="bbox 67 4420 1281 4491; baseline 0 -18"><span class='ocrx_word' id='word_1_415' title='bbox 67 4427 110 4489; x_wconf 77' lang='lat' dir='ltr'>pet</span> <span class='ocrx_word' id='word_1_416' title='bbox 127 4441 156 4475; x_wconf 90' lang='lat' dir='ltr'>er</span> <span class='ocrx_word' id='word_1_417' title='bbox 173 4424 204 4475; x_wconf 87' lang='lat' dir='ltr'>til</span> <span class='ocrx_word' id='word_1_418' title='bbox 221 4425 308 4491; x_wconf 77' lang='lat' dir='ltr'>peirra</span> <span class='ocrx_word' id='word_1_419' title='bbox 324 4420 407 4487; x_wconf 74' lang='lat' dir='ltr'>krimr,</span> <span class='ocrx_word' id='word_1_420' title='bbox 425 4424 454 4474; x_wconf 85' lang='lat' dir='ltr'>ei</span> <span class='ocrx_word' id='word_1_421' title='bbox 468 4422 526 4490; x_wconf 79' lang='lat' dir='ltr'>peir</span> <span class='ocrx_word' id='word_1_422' title='bbox 543 4426 608 4488; x_wconf 77' lang='lat' dir='ltr'>gtira</span> <span class='ocrx_word' id='word_1_423' title='bbox 625 4424 678 4489; x_wconf 82' lang='lat' dir='ltr'>sigi</span> <span class='ocrx_word' id='word_1_424' title='bbox 695 4424 726 4474; x_wconf 91' lang='lat' dir='ltr'>til</span> <span class='ocrx_word' id='word_1_425' title='bbox 743 4439 825 4476; x_wconf 87' lang='lat' dir='ltr'>coma.</span> <span class='ocrx_word' id='word_1_426' title='bbox 843 4430 892 4491; x_wconf 76' lang='lat' dir='ltr'>apr</span> <span class='ocrx_word' id='word_1_427' title='bbox 912 4425 969 4474; x_wconf 76' lang='lat' dir='ltr'>fora</span> <span class='ocrx_word' id='word_1_428' title='bbox 986 4423 1039 4490; x_wconf 80' lang='lat' dir='ltr'>eigi</span> <span class='ocrx_word' id='word_1_429' title='bbox 1056 4427 1128 4490; x_wconf 75' lang='lat' dir='ltr'>gogo</span> <span class='ocrx_word' id='word_1_430' title='bbox 1140 4423 1171 4473; x_wconf 91' lang='lat' dir='ltr'>til</span> <span class='ocrx_word' id='word_1_431' title='bbox 1182 4428 1236 4490; x_wconf 76' lang='lat' dir='ltr'>pau</span> <span class='ocrx_word' id='word_1_432' title='bbox 1252 4439 1281 4473; x_wconf 92' lang='lat' dir='ltr'>er</span> 
     </span>
     <span class='ocr_line' id='line_1_41' title="bbox 68 4504 1281 4577; baseline -0.001 -19"><span class='ocrx_word' id='word_1_433' title='bbox 68 4511 134 4573; x_wconf 78' lang='lat' dir='ltr'>pars3</span> <span class='ocrx_word' id='word_1_434' title='bbox 152 4508 220 4561; x_wconf 80' lang='lat' dir='ltr'>Aeld</span> <span class='ocrx_word' id='word_1_435' title='bbox 231 4510 274 4562; x_wconf 80' lang='lat' dir='ltr'>Fr.</span> <span class='ocrx_word' id='word_1_436' title='bbox 293 4510 323 4563; x_wconf 87' lang='lat' dir='ltr'>L.</span> <span class='ocrx_word' id='word_1_437' title='bbox 339 4510 386 4574; x_wconf 87' lang='lat' dir='ltr'>IX,</span> <span class='ocrx_word' id='word_1_438' title='bbox 405 4512 439 4559; x_wconf 83' lang='lat'>24</span> <span class='ocrx_word' id='word_1_439' title='bbox 456 4507 487 4575; x_wconf 90' lang='grc' dir='ltr'>(Ι,</span> <span class='ocrx_word' id='word_1_440' title='bbox 501 4505 562 4574; x_wconf 88' lang='grc'>214)</span> <span class='ocrx_word' id='word_1_441' title='bbox 581 4506 961 4577; x_wconf 69' lang='lat' dir='ltr'>og.L.Eghnasalxr11(11‚</span> <span class='ocrx_word' id='word_1_442' title='bbox 976 4504 1035 4575; x_wconf 81' lang='lat'>151)</span> <span class='ocrx_word' id='word_1_443' title='bbox 1047 4508 1090 4561; x_wconf 88' lang='lat' dir='ltr'>Er.</span> <span class='ocrx_word' id='word_1_444' title='bbox 1103 4508 1167 4575; x_wconf 84' lang='lat' dir='ltr'>Beg.</span> <span class='ocrx_word' id='word_1_445' title='bbox 1181 4508 1211 4561; x_wconf 95' lang='lat' dir='ltr'>L.</span> <span class='ocrx_word' id='word_1_446' title='bbox 1224 4504 1281 4559; x_wconf 90' lang='lat' dir='ltr'>Siel</span> 
     </span>
     <span class='ocr_line' id='line_1_42' title="bbox 70 4591 1230 4663; baseline 0.003 -22"><span class='ocrx_word' id='word_1_447' title='bbox 70 4593 89 4656; x_wconf 92' lang='lat'>1,</span> <span class='ocrx_word' id='word_1_448' title='bbox 100 4596 132 4646; x_wconf 86' lang='grc'>46</span> <span class='ocrx_word' id='word_1_449' title='bbox 145 4591 255 4663; x_wconf 76' lang='grc' dir='ltr'>(Π,57).</span> <span class='ocrx_word' id='word_1_450' title='bbox 1227 4612 1230 4619; x_wconf 96' lang='grc'><strong><em>·</em></strong></span> 
     </span>
    </p>

    <p class='ocr_par' dir='ltr' id='par_1_9' title="bbox 1062 4681 1077 4731">
     <span class='ocr_line' id='line_1_43' title="bbox 1062 4681 1077 4731; baseline 0 0"><span class='ocrx_word' id='word_1_451' title='bbox 1062 4681 1077 4731; x_wconf 81' lang='grc'>2</span> 
     </span>
    </p>
   </div>
   <div class='ocr_carea' id='block_1_4' title="bbox 0 0 1543 4967">
    <p class='ocr_par' dir='ltr' id='par_1_10' title="bbox 0 0 1543 4967">
     <span class='ocr_line' id='line_1_44' title="bbox 0 0 1543 4967; baseline 0 0"><span class='ocrx_word' id='word_1_452' title='bbox 0 0 1543 4967; x_wconf 95' lang='lat' dir='ltr'> </span> 
     </span>
    </p>
   </div>
  </div>
 </body>
</html>
