3059 4967
644 424 685 489 27

567 512 769 523 -ῇ--μ-

69 646 258 713 magnopere
284 606 411 691 habeat
438 626 671 703 necessarium,
698 624 798 689 facile
825 623 1007 711 intelliges,
1036 622 1142 687 multo
1169 623 1274 710 magis

68 727 196 791 feminas
212 727 385 812 praesidio
402 748 508 814 egere.
553 728 843 813 Atquesanguiue
853 726 974 811 juncti.
991 726 1117 812 quippe
1133 725 1191 811 qui
1206 725 1274 788 sin·

68 827 210 913 gulorum
222 849 277 893 res
290 837 446 915 gerentes
459 849 665 892 communem
678 826 776 892 simul
787 834 908 891 curant
918 826 1069 900 salutem,
1082 826 1276 891 mulieribus

69 928 297 1012 prospiciendo
321 929 357 993 id
380 938 493 1016 agunt,
517 937 554 993 ut
576 950 645 992 non
668 927 793 992 familia
814 937 873 992 aut
894 927 1011 991 mulier
1031 929 1105 1014 ipsa
1120 927 1275 991 damnum

69 1030 176 1113 capiat.
226 1029 373 1109 Quare,
396 1032 484 1095 sicut
503 1030 726 1115 pupillorum,
749 1031 796 1093 ita
815 1029 988 1094 mulierum
1011 1049 1148 1115 quoque
1169 1027 1277 1093 tutela

69 1132 192 1195 omnino
208 1132 243 1196 id
259 1134 397 1217 petitur,
417 1133 502 1197 utin
519 1134 560 1197 iis
576 1133 699 1219 quibus
720 1150 859 1194 necesse
875 1139 927 1194 est
941 1131 1053 1194 causis
1073 1129 1276 1215 praesidium

69 1231 222 1309 afferatur,
246 1233 310 1297 sed
326 1254 427 1320 quum
445 1233 563 1319 pupilli
579 1242 718 1318 propter
732 1232 891 1295 minorem
907 1239 1048 1295 aetatem
1064 1231 1153 1295 omni
1168 1230 1274 1295 facul·

69 1341 128 1396 tate
139 1334 260 1420 agendi
276 1355 418 1419 prorsus
431 1335 499 1398 sint
515 1334 644 1419 privati,
660 1334 815 1398 mulieres
831 1343 941 1397 autem
957 1334 990 1396 in
1003 1333 1076 1397 aliis
1091 1334 1193 1397 rebus
1207 1332 1274 1396 elio

68 1442 195 1499 utantur
215 1435 357 1501 arbitrio
380 1445 413 1499 et
434 1436 468 1499 in
490 1435 631 1500 diversis
653 1435 763 1499 causis
787 1434 921 1499 diverso
944 1434 984 1497 iis
1005 1456 1093 1521 opus
1115 1435 1159 1498 sit
1180 1444 1275 1519 prae·

69 1536 154 1613 sidio,
176 1536 278 1601 valde
300 1538 386 1602 inter
408 1558 444 1601 se
460 1536 652 1622 discrepant
673 1535 798 1601 tutelae
819 1534 936 1601 barum
959 1545 992 1600 et
1012 1536 1154 1601 illorum.
1199 1535 1276 1615 Qua

67 1637 94 1699 in
108 1638 279 1703 mulierum
296 1638 402 1703 tutela
417 1639 592 1703 tractanda
613 1660 716 1724 quum
739 1659 869 1701 omnem
886 1637 1032 1714 tutelam,
1057 1638 1167 1724 qualis
1183 1638 1227 1702 sit
1243 1646 1276 1703 et

68 1740 228 1823 quomodo
245 1754 390 1826 geratur,
414 1760 431 1804 e
448 1741 713 1825 propinquorum
731 1739 971 1825 conjunctione
986 1740 1131 1824 pendere
1147 1759 1274 1825 coguo-

66 1841 210 1917 verimus,
238 1841 306 1905 alia
326 1842 505 1905 statuenda
527 1847 579 1905 est
600 1840 706 1905 tutela
728 1842 903 1926 virginum,
927 1841 1067 1926 quaein
1091 1841 1196 1925 patris
1218 1846 1278 1903 aut

67 1942 238 2028 propinqui
269 1942 413 2029 alicujus
444 1943 544 2007 domo
570 1944 703 2018 vivunt,
734 1943 800 2006 alia
829 1962 940 2005 earum
969 1942 1276 2027 mulierum-quae

65 2045 266 2107 matrimonio
290 2055 465 2109 contracto
487 2046 520 2109 in
543 2044 638 2107 aliern
660 2043 817 2107 familiam
839 2052 920 2106 sunt
941 2054 1187 2130 transgressae,
1211 2043 1277 2106 alia

65 2142 200 2231 denique
217 2136 349 2222 earum,'
364 2168 450 2233 quae
472 2146 590 2210 marito
613 2155 745 2208 mortuo
762 2146 795 2207 in
813 2144 935 2209 viduae
957 2146 1184 2210 conditionem
1206 2146 1275 2209 sin·

66 2244 204 2331 gularem
233 2257 408 2313 venerunt.
460 2246 554 2326 Quae
581 2246 731 2332 singulae
756 2246 881 2310 tutelae
907 2255 1046 2331 propter
1074 2246 1275 2333 singularem

66 2347 220 2433 virginum
248 2370 391 2413 uxorum
417 2349 591 2414 viduarum
623 2347 851 2412 conditionem
877 2348 965 2412 inter
990 2370 1026 2411 se
1052 2349 1097 2412 ita
1124 2348 1276 2413 diversae

63 2457 226 2533 apparent,
249 2458 289 2515 ut
304 2459 476 2537 separatas
492 2470 548 2514 ees
565 2450 699 2513 tractari
715 2457 881 2535 oporteat.

472 2625 506 2683 Δ.
527 2621 571 2683 De
584 2620 738 2701 virginum
752 2622 859 2683 tutela

124 2754 298 2841 Virginum
324 2754 460 2819 tutelam
489 2763 578 2819 recte
600 2776 664 2818 nos
685 2754 810 2821 habere
832 2776 852 2818 a
872 2753 1076 2839 pupillorum
1098 2753 1275 2831 diversam,

64 2875 129 2919 non
144 2878 186 2920 ex
202 2855 321 2920 aetatis
333 2854 402 2945 sed
425 2877 526 2919 sexus
547 2856 774 2921 imbecillitate
796 2869 913 2932 ortam,
936 2854 1203 2940 antiquissimum
1216 2854 1276 2940 jus

65 2976 101 3018 eo
130 2958 272 3042 probat,
303 2956 396 3043 quod
426 2956 547 3042 puellis
577 2977 715 3044 quoque
745 2957 923 3021 constituit
952 2955 1126 3041 pupillaris
1156 2958 1276 3021 aetatis

64 3055 171 3134 finem,
201 3080 301 3144 quem
329 3066 508 3144 postquam
539 3068 742 3145 assequutae
763 3066 844 3121 sunt
877 3066 969 3123 certa
990 3057 1135 3144 quadam
1156 3058 1277 3144 agendi

63 3157 219 3224 facultate
234 3168 384 3225 utuntur.
427 3159 481 3223 Ex
495 3160 722 3225 imbecillitate
738 3180 841 3223 sexus
857 3166 967 3223 autem
983 3179 1026 3223 ne
1041 3157 1197 3223 damnum
1219 3168 1278 3223 aut

63 3259 179 3345 injuria
208 3259 267 3324 fiat
295 3260 415 3345 virgini
446 3261 511 3345 ipsi
540 3261 593 3326 vel
624 3261 786 3337 familiae,
819 3260 925 3325 tutela
956 3260 1099 3347 quadam
1133 3259 1276 3325 feminae

65 3359 193 3425 adultae
216 3382 304 3447 opus
325 3368 392 3437 est,
423 3382 521 3447 quam
544 3384 644 3448 quum
666 3370 786 3450 gerant
806 3361 1005 3447 propinqui,
1029 3369 1063 3425 et
1082 3360 1221 3448 virginis
1243 3372 1277 3425 et

63 3461 207 3545 ipsorum
225 3462 325 3527 saluti
341 3464 561 3547 prospiciunt.
604 3463 679 3544 Qua
694 3483 729 3529 re
747 3482 810 3549 pro
825 3483 1000 3527 causarum
1016 3472 1049 3528 et
1064 3463 1276 3549 negotiorum

63 3573 179 3628 natura
204 3571 237 3628 et
262 3563 425 3650 gravitate
451 3566 547 3651 virgo
573 3566 674 3631 modo
701 3566 743 3628 ab
770 3564 903 3651 agendo
934 3565 1034 3650 plane
1059 3573 1111 3629 est
1136 3571 1273 3639 remote,

64 3664 159 3729 modo
188 3666 455 3751 propinquorum
485 3666 643 3773 auxilium
673 3668 777 3731 habet
806 3667 1047 3743 necessarium,
1076 3665 1179 3729 modo
1210 3687 1273 3729 suo

63 3764 165 3848 ipsius
186 3766 292 3831 utitur
312 3767 459 3832 arbitrie.
504 3768 598 3833 Haec
620 3769 724 3834 tutela
748 3768 859 3855 qualis
879 3768 924 3832 sit
942 3769 977 3830 in
1000 3767 1142 3855 singulis
1163 3768 1275 3831 causis

64 3876 94 3929 et
113 3866 231 3943 rebus,
259 3889 362 3954 quum
385 3891 427 3932 ex
450 3891 560 3934 earum
584 3870 811 3957 singularibus
836 3869 1026 3934 rationibus
1053 3869 1215 3954 cognosci
1241 3877 1275 3933 et

64 3967 219 4051 explicari
256 3969 391 4047 debeat,
433 3970 475 4035 de
507 3972 644 4058 gerendi
677 3972 779 4035 modo
817 3972 986 4057 generalia
1018 3969 1132 4034 eadem
1170 3990 1274 4055 appe·

62 4078 149 4144 rent,
174 4090 262 4155 quae
285 4089 327 4132 ex
347 4071 395 4135 rei
419 4071 574 4156 publicae
597 4073 840 4137 constitutione
862 4072 1131 4157 familiarumque
1153 4079 1274 4136 natura

62 4166 101 4231 de
117 4170 207 4233 omni
222 4170 337 4246 tutela,
361 4172 532 4258 quomodo
555 4183 697 4271 geratur,
720 4175 951 4261 cognovimus.
995 4172 1080 4237 Nam
1103 4173 1191 4237 sicut
1210 4196 1272 4260 pro

63 4270 201 4355 pupillo,
224 4270 270 4333 ita
286 4292 347 4356 pro
363 4273 492 4359 virgine
508 4295 645 4361 quoque
666 4276 900 4361 antiquissimo
922 4281 1074 4369 tempore
1089 4275 1275 4340 secundum

63 4370 261 4455 singularem
290 4388 399 4437 rerum
427 4385 460 4439 et
486 4397 659 4441 causarum
690 4385 843 4441 naturam
871 4378 1142 4463 propinquorum
1170 4377 1273 4442 modo

64 4470 252 4565 complures
275 4474 447 4558 conjuncti
469 4485 583 4562 agunt,
606 4477 707 4541 modo
722 4498 778 4540 res
793 4478 880 4563 gerit
893 4500 982 4543 unus
997 4497 1114 4541 eorum
1129 4477 1226 4541 solus
1241 4487 1275 4543 et

66 4574 196 4657 quidem
212 4574 313 4638 modo
328 4574 426 4639 heres
443 4578 618 4661 proximus
630 4578 733 4642 modo
749 4578 806 4663 qui
822 4577 896 4642 vult
909 4585 969 4645 aut
988 4576 1086 4643 adest
1101 4583 1160 4643 ant
1175 4597 1274 4662 quem
