3059 4967
595 378 797 475 Aa„

82 582 212 645 donum
236 580 409 667 quoddam
438 580 558 657 tutori,
588 582 617 645 si
638 582 798 669 virginem
819 583 892 648 viro
916 584 1118 670 despondet,
1148 586 1307 655 tribuitur

81 692 254 770 tamquam
280 684 385 771 hujus
407 683 548 748 cavendi
570 681 787 770 obligationis
809 687 1055 771 compensatio,
1078 696 1113 753 et
1134 688 1229 775 quod
1247 688 1305 752 ille

80 786 344 871 compositionis
371 785 492 871 virgini
517 784 649 850 debitae
678 794 805 870 partem
831 788 999 873 quandam
1029 789 1095 855 sibi
1122 790 1304 875 possim).

80 888 211 973 Atque,
237 888 296 951 ubi
319 886 453 951 omnino
476 888 613 952 crimina
635 888 891 973 compositionis
917 890 1088 955 solutione
1115 895 1303 977 expiantur,

80 990 229 1075 ipsaque
244 988 349 1053 multa
363 988 521 1074 imprimis
543 989 698 1053 damnum
719 990 918 1066 restituitur,
941 990 1025 1055 nihil
1041 1001 1093 1057 est
1108 992 1304 1057 cur-femina

80 1091 153 1155 alio
175 1090 277 1154 modo
299 1092 458 1176 puniatur
478 1112 579 1177 quam
599 1092 660 1167 vir,
684 1100 718 1155 et
733 1092 762 1155 si
777 1092 913 1156 multam
935 1092 1068 1157 solvere
1088 1114 1158 1157 non
1179 1100 1303 1177 potest,

77 1214 137 1257 res
161 1192 226 1257 alia
245 1194 290 1257 sit
310 1200 412 1278 atque
433 1192 462 1255 si
482 1191 540 1255 illa
560 1192 594 1255 in
615 1192 689 1256 aliis
711 1192 834 1258 debitis
854 1193 1029 1258 solvendis
1053 1195 1196 1280 pecunia
1218 1203 1302 1281 eget.

79 1293 212 1374 Quare
228 1293 319 1379 apud
334 1294 482 1357 Danicos
497 1292 629 1369 femina,
647 1314 734 1379 quae
750 1295 1006 1380 compositionis
1022 1296 1193 1361 solutione
1207 1296 1303 1361 laeso

78 1396 281 1461 satisfacere
307 1396 438 1481 nequit,
474 1394 632 1460 creditori
657 1395 839 1473 addicitur,
873 1405 977 1483 atque
1002 1420 1073 1462 eam
1098 1397 1170 1462 suis
1197 1398 1303 1483 ipsius

80 1498 211 1585 opibus
226 1497 368 1561 liberare
384 1503 476 1559 tutor
491 1518 703 1583 nequaquam
721 1497 891 1583 obligatus
908 1505 969 1561 ast.

149 1703 179 1765 3.
209 1697 388 1773 Familiam,
411 1719 512 1784 quum
536 1698 678 1763 diversis
693 1699 727 1762 in
743 1700 855 1764 causis
876 1698 1024 1763 mulieris
1045 1698 1183 1763 tutelam
1199 1708 1303 1786 gerat,

76 1803 116 1867 id
139 1823 239 1889 agere
261 1800 413 1875 vidimus
440 1807 533 1863 utet
554 1798 696 1866 feminae
718 1810 751 1864 et
771 1801 879 1885 ipsius
904 1801 1044 1864 salutem
1067 1802 1215 1887 juraque
1233 1822 1303 1864 ser·

77 1904 196 1967 vanda
223 1910 326 1966 curet.
372 1898 475 1979 Quod
502 1910 539 1966 ut
565 1910 672 1984 petat,
707 1904 735 1967 si
764 1902 908 1966 familiae
936 1913 1055 1967 natura
1081 1912 1115 1965 et
1139 1903 1304 1989 gravitate

78 2006 244 2081 efficitur,
268 2024 407 2067 necesse
430 2011 497 2078 est,
519 2003 554 2066 in
570 2002 800 2089 alia-quoque,
825 2026 925 2090 quam
946 2026 1035 2069 nuno
1056 2004 1232 2081 intuemur,
1255 2028 1302 2080 re,

80 2108 268 2193 propinqui
285 2106 445 2192 virginem
461 2104 631 2190 adjuvent,
648 2106 746 2191 eique
762 2107 952 2171 consulant.
990 2105 1077 2169 Nam
1092 2107 1302 2171 matrimonio

78 2210 207 2273 femina
227 2231 246 2273 e
266 2208 532 2293 propinquorum
555 2206 810 2292 conjunctione,
835 2229 903 2293 qua
924 2207 1037 2273 adhue
1058 2207 1304 2273 defendebatur

80 2311 182 2396 eique
204 2307 490 2395 prospiciebatur,
515 2307 673 2382 discedit,
702 2316 805 2395 atque
828 2331 975 2394 sponsae
996 2311 1197 2397 propinquis
1220 2332 1302 2375 eon·

72 2411 212 2497 junctio
234 2410 273 2474 fit
299 2409 438 2473 multum
460 2409 577 2473 valens
604 2432 678 2475 enm
705 2412 824 2495 sponsi
850 2410 985 2480 familia.
1030 2412 1301 2499 Propinquorum

80 2514 185 2597 igitur
212 2511 319 2575 estet
339 2510 477 2597 virginis
504 2511 604 2576 saluti
630 2512 695 2576 hae
716 2513 749 2575 in
772 2535 809 2577 re
830 2515 1023 2599 prospicere
1049 2523 1083 2579 et
1108 2536 1234 2590 curare,
1259 2535 1302 2582 ne

80 2614 227 2678 familiae
243 2613 402 2678 nobilitas
420 2620 454 2676 et
469 2612 615 2697 gravitas
632 2612 695 2677 bac
712 2614 953 2699 conjunctione
973 2614 1134 2679 laedatur.
1178 2617 1250 2681 Jam
1266 2616 1301 2679 in

77 2716 231 2801 antiquis
253 2713 542 2779 celeberrimorum
564 2714 710 2779 virorum
737 2712 889 2779 historiis
912 2716 1132 2801 desponsatio
1158 2716 1302 2783 habetur·

75 2819 169 2881 inter
183 2827 359 2901 utramque
380 2814 537 2879 familiam
554 2823 698 2899 pactum.
744 2814 942 2901 Complures
966 2818 1157 2903 propinqui,
1181 2817 1209 2879 si
1224 2818 1301 2902 quis

76 2940 197 2983 eorum
218 2920 354 3003 nuptias
376 2918 470 3002 petit,
495 2937 556 3001 pro
580 2937 619 2980 eo
644 2926 757 3003 agunt.
804 2916 869 2996 Qui
890 2918 1124 3002 praedicantes
1140 2917 1300 3003 splendo-

75 3043 150 3085 rem
179 3019 324 3084 familiae
354 3028 456 3105 atque
486 3018 683 3103 gravitatem
710 3025 743 3081 et
767 3017 858 3081 illam
888 3029 922 3083 et
947 3041 984 3083 se
1009 3020 1105 3105 ipsos
1135 3019 1194 3083 illa
1219 3041 1300 3083 con·

67 3122 253 3209 junctione
266 3120 387 3207 dignos
401 3119 578 3184 ostendere
591 3120 737 3195 student,
754 3118 803 3182 illi
818 3129 938 3195 autern,
954 3121 1046 3205 apud
1061 3142 1149 3208 quos
1165 3121 1301 3205 petitio·

75 3245 155 3287 nem
183 3222 328 3299 faciunt,
359 3244 419 3307 pro
446 3222 596 3306 ipsorum
623 3228 793 3305 potestate
820 3229 854 3284 et
880 3223 1079 3287 auctoritate
1104 3222 1299 3307 dijudicant,

74 3334 190 3389 utrum
220 3326 346 3410 nuptiis
369 3321 609 3387 contrahendis
636 3324 851 3385 consentiant
878 3344 920 3385 an
942 3344 999 3386 aas
1019 3323 1206 3409 repudient.
1249 3324 1302 3387 Ita

75 3427 122 3491 de
150 3426 288 3511 Eiyolfo
318 3433 486 3501 narratur,
505 3476 506 3479 ,
524 3424 582 3509 qui
611 3422 779 3496 Astridam
807 3445 947 3487 uxorem
972 3424 1099 3489 ducere
1129 3426 1298 3511 cupit³³):

73 3528 158 3591 Ivar
178 3549 216 3591 ae
237 3526 388 3591 Hveidar
410 3548 484 3590 eum
508 3524 712 3609 adjuverunt
733 3526 953 3603 affirmantes,
981 3526 1074 3590 illum
1096 3524 1131 3589 in
1151 3525 1301 3591 Islandia

74 3628 185 3691 virum
214 3651 288 3693 esse
316 3649 435 3713 magna
457 3627 671 3703 auctoritate,
702 3626 828 3691 divitiis
854 3628 1028 3714 nobilique
1052 3627 1178 3691 familia
1204 3648 1298 3712 prae-

76 3728 195 3795 ditum.
240 3728 399 3817 Eiyolfus
427 3729 499 3814 ipse
528 3728 625 3792 dicit:
654 3728 861 3815 Propinquis
881 3729 1036 3793 Astridae
1061 3728 1164 3791 homo
1184 3728 1300 3792 videar

74 3830 200 3906 tenuis,
218 3831 277 3894 sed
290 3830 384 3895 multi
398 3840 477 3895 sunt
488 3830 569 3894 mihi
582 3831 616 3893 in
629 3828 778 3893 Islandia
790 3830 933 3915 spectati
949 3830 1130 3915 propinqui
1145 3850 1298 3915 magnae·

133 4134 175 4198 ⁸²)
194 4134 244 4202 og.
257 4136 324 4203 Vap.
338 4152 371 4188 m.
387 4139 420 4185 14
433 4133 487 4200 (11,
501 4131 545 4200 75)
562 4162 597 4171 —
614 4132 648 4185 ok
659 4136 697 4186 alt
708 4140 772 4203 paet
783 4152 842 4186 sum
859 4141 924 4202 paen
939 4135 1010 4185 betis
1021 4135 1062 4185 firi
1073 4140 1110 4202 pa
1121 4134 1184 4185 libre
1196 4135 1298 4186 haecne

70 4219 144 4271 hulst
159 4221 191 4271 til
208 4221 243 4271 ok
263 4220 331 4271 haist
351 4221 454 4272 haenna
476 4223 549 4289 gipta
565 4237 660 4273 manne
677 4236 734 4271 sum
751 4220 821 4271 hana
841 4222 913 4272 sbkir
930 4221 990 4288 Wg.
1008 4222 1039 4274 L.
1056 4221 1090 4273 ΙΙ,
1107 4222 1203 4287 Draep.
1219 4220 1246 4272 b.
1266 4225 1295 4269 11

71 4304 118 4371 (1,
131 4305 200 4367 126).
222 4306 356 4371 Draepaer
367 4305 453 4356 lionae
462 4322 523 4356 man
533 4312 568 4373 pa
577 4303 634 4357 skal
642 4305 742 4355 maelae
753 4321 890 4356 amannen
901 4312 954 4373 pen
966 4305 1130 4371 skyldaester
1142 4322 1170 4355 er
1181 4306 1297 4367 haennir,

71 4393 130 4442 han
142 4391 201 4441 skal
212 4390 302 4442 botom
314 4395 428 4457 vaerpas
440 4390 539 4442 aellaer
550 4393 601 4459 trip
619 4392 687 4457 flyae
704 4419 739 4427 -
756 4397 794 4459 ᾗ]
806 4389 880 4443 teter
890 4391 987 4458 broper
998 4392 1118 4459 ringiaet'
1132 4396 1159 4441 at
1173 4391 1227 4441 hau
1237 4390 1297 4441 skal

70 4480 133 4529 fitre
145 4479 237 4542 moper
248 4474 330 4525 aellsr
342 4482 428 4539 systor
439 4471 532 4527 salum
543 4493 636 4528 svaros
648 4477 684 4528 ok
693 4476 754 4528 land
766 4478 834 4542 flyae
846 4493 893 4528 aen
906 4492 956 4527 sva
966 4476 1077 4527 tomber
1087 4476 1126 4527 til.

132 4558 175 4625 ³⁸)
195 4560 263 4626 Viga
275 4559 370 4610 Glums
383 4556 455 4625 Saga
466 4575 488 4616 c.
503 4566 520 4611 4
532 4560 565 4613 ad
576 4562 621 4612 fin.

965 4584 1092 4695 .'3*
