3059 4967
676 696 708 757 B.
730 695 774 757 lte
787 712 916 764 uxorum
929 695 1034 757 tutela.

315 826 489 915 Virginum
506 828 641 905 tutelae,
658 830 783 916 quippe
799 852 898 917 quam
913 830 1126 915 propinquos
1142 850 1256 916 gerere
1272 834 1306 891 et
1320 848 1425 913 agere
1440 826 1471 890 id

251 930 481 1017 eognovimus,
498 939 536 994 ut
551 939 585 995 et
599 930 740 997 feminae
756 943 791 997 et
801 933 945 997 familiae
957 932 1175 1017 prospiciant,
1191 930 1266 994 finis
1276 929 1471 993 necessario

251 1032 468 1097 constituitur
479 1052 530 1108 eo,
543 1034 635 1119 quod
647 1035 753 1121 virge,
766 1057 867 1122 quum
880 1035 994 1110 nubat,
1009 1056 1050 1097 ex
1060 1032 1247 1097 arctissima
1257 1032 1472 1117 propinquon

250 1156 323 1199 rum
345 1134 584 1220 conjunctione
606 1135 758 1201 discedit.
804 1137 946 1201 Maritus
967 1136 1062 1212 enim,
1084 1155 1187 1219 quum
1209 1132 1239 1196 ei
1258 1133 1365 1197 totius
1379 1134 1472 1197 vitae

252 1237 459 1301 consortium
476 1238 519 1301 sit
535 1259 609 1301 cum
625 1260 741 1314 uxore,
763 1260 845 1324 prae
859 1239 1062 1324 propinquis
1080 1258 1150 1299 eam
1172 1234 1312 1300 curandi
1334 1256 1472 1298 munere

252 1337 414 1422 fungitur,
438 1346 480 1413 et,
503 1339 591 1404 sicut
607 1362 624 1403 e
640 1339 782 1405 familiae
797 1341 911 1405 indole
926 1339 1041 1414 tutela,
1064 1337 1174 1424 qualis
1190 1336 1234 1400 sit
1249 1346 1283 1401 et
1298 1337 1473 1424 quomodo

251 1448 401 1526 geratur,
425 1441 561 1505 omnino
583 1442 723 1527 pendet,
746 1444 794 1507 ita
815 1442 1041 1529 singularibus
1062 1438 1262 1503 matrimonii
1281 1440 1471 1503 rationibus

253 1540 412 1616 efficitur,
436 1549 474 1606 ut
495 1542 569 1607 aliis
590 1544 623 1608 in
646 1545 757 1608 causis
778 1544 914 1631 alioque
934 1544 1035 1607 modo
1057 1541 1285 1627 prospiciatur
1305 1541 1471 1605 uxoribus

254 1652 355 1729 atque
377 1643 498 1730 virgini
521 1644 663 1710 adultae.
714 1647 827 1733 Ipsius
846 1646 1046 1710 matrimonii
1065 1642 1213 1725 indoles,
1237 1664 1341 1728 quum
1364 1644 1471 1705 omni·

252 1745 317 1808 bus
344 1742 644 1810 Scandinaviorum
672 1750 828 1836 gentibus
853 1751 897 1813 sit
921 1748 1051 1823 eadem,
1082 1756 1116 1810 et
1141 1744 1360 1819 mutationes,
1384 1766 1471 1830 quae

251 1844 448 1909 familiarum
478 1856 616 1913 naturae
643 1858 676 1913 et
703 1852 858 1937 gravitati
883 1849 1082 1924 afferuntur,
1117 1847 1152 1910 in
1180 1848 1361 1932 conjugum
1389 1868 1470 1909 con·

246 1947 424 2033 junctione
440 1947 523 2011 nihil
540 1952 674 2032 omnino
691 1951 835 2027 valeant,
859 1952 962 2039 hujus
978 1950 1102 2013 tutelae
1118 1970 1234 2011 omnes
1249 1946 1320 2011 fere
1335 1948 1471 2011 institu-

253 2050 363 2113 tiones
380 2071 571 2114 communes
588 2061 752 2137 apparent
769 2054 924 2117 omnibus
940 2050 1184 2116 Scandinaviae
1201 2048 1349 2134 populis.
1387 2049 1470 2113 Nam

254 2174 356 2238 quum
383 2152 549 2216 bonorum
578 2174 689 2217 curam
720 2156 859 2240 primum
885 2156 1087 2227 intueamur,
1120 2152 1153 2214 id
1181 2150 1345 2227 occurrit,
1381 2152 1471 2237 apud

245 2240 368 2316 ‘omnes
389 2261 506 2340 gentes
527 2254 618 2318 bona
639 2256 820 2343 conjugum
842 2277 911 2320 non
932 2260 1096 2341 separata,
1118 2252 1178 2317 sed
1199 2252 1243 2315 ad
1262 2274 1472 2317 communem

251 2376 349 2419 usum
370 2376 444 2419 esse
471 2357 701 2443 conjuncta¹).
744 2360 856 2444 Atque
884 2356 1070 2423 communis
1094 2354 1197 2441 hujus
1222 2353 1272 2417 rei
1296 2353 1472 2418 familiaris

253 2477 332 2519 eure
348 2457 477 2532 marito,
499 2457 643 2523 familiae
659 2461 771 2545 capiti,
794 2460 964 2547 competit,
988 2468 1030 2533 et,
1052 2455 1183 2521 etiamsi
1197 2454 1318 2542 virgini
1335 2455 1472 2520 adultae

252 2557 359 2643 ipsius
382 2558 546 2623 bonorum
568 2561 812 2626 administratio
834 2560 1041 2637 conceditur,
1065 2568 1175 2622 tamen
1196 2556 1261 2620 hac
1276 2558 1311 2620 in
1327 2579 1364 2621 re
1385 2580 1484 2621 uxor·

253 2681 384 2745 semper
404 2662 522 2724 marito
545 2662 642 2728 cedit.
688 2664 844 2728 Minimae
866 2663 951 2726 enim
973 2670 1101 2726 tantum
1122 2661 1288 2725 bonorum
1312 2660 1412 2744 parti,
1436 2667 1474 2723 ut

252 2782 307 2826 res
323 2762 524 2827 domesticas
542 2771 644 2841 curet,
666 2768 765 2829 uxori
786 2786 943 2851 praeesse
957 2763 1084 2827 licitum
1101 2764 1202 2845 esu).
1249 2759 1345 2840 Quae
1362 2761 1472 2824 bono-

253 2886 326 2928 rum
358 2886 438 2928 cura
467 2886 599 2951 semper
628 2868 761 2952 quidem
799 2865 1009 2929 matrimonio
1045 2865 1121 2950 ipso
1156 2864 1275 2927 marito
1312 2862 1474 2936 defertur,

252 2973 406 3052 potestas
422 2975 541 3043 autem,
566 2990 663 3054 quam
681 2968 784 3032 habet
799 2968 832 3031 in
849 2968 940 3031 bona
955 2967 1080 3041 uxoris,
1105 2966 1238 3029 diversa
1254 2964 1476 3028 constituitur

255 3088 316 3152 pro
349 3067 499 3141 diverse,
530 3091 599 3155 quo
631 3070 794 3157 conjuges
823 3069 911 3133 inter
940 3090 976 3133 se
1005 3076 1161 3143 utuntur,
1191 3066 1358 3130 bonorum
1383 3066 1474 3153 jure.

257 3168 351 3249 Quae
367 3178 405 3234 ut
421 3190 666 3256 cognoscamus
681 3170 926 3235 Soandinaviae
942 3172 1022 3256 jura
1042 3168 1284 3244 demonstrant,
1307 3167 1474 3253 antiquis·

255 3271 337 3335 simo
365 3279 515 3357 tempore
541 3272 785 3337 matrimonium
810 3272 846 3335 id
872 3292 1003 3356 semper
1029 3268 1194 3346 effecisse,
1225 3276 1263 3332 ut
1290 3269 1474 3355 conjugum

254 3373 344 3435 bona
362 3373 645 3461 conjungerentur
658 3374 801 3460 quidem,
819 3373 879 3438 sed
896 3394 963 3436 non
980 3372 1167 3435 eommunia
1181 3370 1309 3445 fierent,
1327 3369 1474 3455 plerum·

255 3496 321 3561 que
337 3483 445 3539 autem
463 3478 625 3563 conjuges
640 3477 806 3541 bonorum
829 3474 1095 3539 communionem
1116 3471 1345 3545 constituisse,
1370 3480 1475 3557 atque

253 3576 342 3639 hanc
363 3576 640 3643 consuetudinem
661 3580 696 3643 in
717 3580 789 3643 dies
810 3587 941 3642 auctam
962 3596 1052 3651 esse,
1075 3575 1122 3638 ita
1142 3581 1180 3637 ut
1200 3572 1381 3638 recentiori
1396 3575 1476 3659 jure

222 3894 223 3897 ,
305 3847 329 3910 ¹(
350 3850 380 3902 V.
392 3866 418 3903 n.
433 3854 455 3900 2.
509 3852 511 3855 ’
1304 3892 1309 3895 .

305 3933 332 3997 ²)
351 3935 430 4001 Grdg.
448 3936 517 3987 Fest.
536 3941 563 4003 p.
578 3938 608 3984 m
628 3933 668 4001 (L,
680 3932 752 4001 333):
776 3940 826 4001 par
843 3950 872 3985 er
887 3934 1013 3983 samsarar
1029 3931 1110 3981 hiena
1126 3944 1179 3992 ero,
1197 3944 1229 3979 oc
1246 3928 1303 3979 scal
1319 3928 1393 3978 hann
1409 3934 1477 3995 rapa

250 4019 315 4084 fyrir
331 4020 356 4069 fe
374 4022 461 4087 peirra
478 4036 509 4071 oc
525 4022 642 4087 kaupom
659 4048 695 4057 -—
711 4022 788 4071 Kona
805 4036 820 4069 a
837 4026 865 4069 at
881 4024 948 4085 rapa
963 4018 1030 4083 fyrir
1045 4016 1115 4067 halfe
1132 4016 1202 4081 eyris
1220 4015 1302 4080 kaupi
1317 4020 1366 4081 epr
1383 4016 1476 4064 minna

250 4104 295 4155 VI.
313 4093 374 4153 alna
391 4105 460 4169 cyris
478 4120 494 4154 a
512 4106 572 4157 XII.
591 4111 746 4173 menapum
764 4105 852 4155 Jarnr.
869 4105 1032 4170 Krenngptg.
1051 4119 1074 4152 e
1088 4106 1115 4164 23
1135 4100 1203 4151 Aeld
1216 4100 1258 4153 ct
1270 4100 1301 4150 L.
1314 4102 1347 4151 52
1364 4096 1473 4164 (1.,28).

250 4188 324 4239 Rada
340 4189 395 4239 scal
413 4190 483 4241 haun
499 4192 525 4241 fe
543 4191 628 4257 peirru
646 4191 700 4242 ollo
717 4190 749 4241 til
761 4206 843 4255 parva
854 4190 938 4255 peim3
956 4187 1034 4241 Aeld
1047 4189 1089 4240 Fr.
1102 4188 1132 4238 L.
1144 4181 1229 4248 leo,
1242 4188 1258 4236 6
1270 4182 1310 4250 (L,
1323 4186 1383 4245 230,
1397 4181 1472 4249 231l3

250 4273 325 4323 Aeld,
339 4274 380 4327 Fr.
395 4276 424 4326 L.
438 4276 492 4339 XL,
512 4280 543 4325 22
563 4274 603 4342 (L,
617 4273 684 4343 234).
709 4275 808 4326 Haullz
824 4290 892 4325 cona
908 4274 953 4324 md
969 4274 1058 4339 kaupo
1073 4274 1143 4338 syris
1161 4270 1239 4336 caupi
1256 4284 1288 4319 oe
1305 4269 1359 4335 eigi
1375 4269 1473 4330 meira3

251 4358 319 4409 Aeld
333 4360 374 4413 Gl.
388 4361 417 4412 L.
436 4363 469 4411 56
487 4359 516 4427 (Ι.
533 4357 588 4427 29);
614 4360 662 4427 Og.
676 4362 705 4411 L.
719 4361 842 4427 Vinsorp.
861 4360 887 4411 b.
900 4360 972 4413 vm.
992 4361 1042 4423 §.1
1062 4356 1115 4425 (IL,
1129 4352 1197 4422 161).
1221 4356 1264 4406 Nu
1281 4369 1325 4403 ma
1341 4352 1394 4419 egh
1411 4353 1475 4403 bon·

253 4442 399 4495 deusdona
416 4462 488 4496 mera
504 4446 556 4512 krp
574 4462 652 4513 gaera
664 4464 711 4497 aen
724 4448 755 4497 til
767 4453 822 4496 atta
832 4446 995 4513 paenninga;
1011 4444 1070 4510 Upl.
1085 4444 1114 4495 L.
1127 4443 1195 4507 Arsp
1208 4444 1223 4489 2
1236 4437 1302 4506 (111,
1316 4434 1390 4503 106(;
1408 4438 1473 4490 ibid.

254 4529 332 4594 Kidp.
345 4528 371 4581 b.
385 4533 401 4578 4
419 4530 486 4594 (111,
500 4528 572 4598 206);
591 4532 671 4585 Andr.
686 4534 747 4585 eun.
762 4534 796 4583 96
813 4529 852 4598 (L,
865 4528 921 4598 95);
944 4533 987 4583 Er.
1001 4531 1065 4597 Reg.
1077 4530 1108 4582 L.
1126 4524 1192 4580 Siel.
1209 4527 1266 4588 ΙΙΙ,
1284 4526 1317 4575 35
1334 4521 1387 4590 (11,
1400 4520 1475 4590 265);

251 4613 389 4679 .Jy<ts1‹.12¹
403 4616 459 4679 ιιι,
473 4619 506 4665 44
519 4614 585 4683 (ιιι,
599 4613 666 4683 aro).
