3059 4967
837 414 879 479 28

760 504 962 513 ——-——

1508 513 1509 564 l

254 610 348 698 virgo
373 633 435 677 sua
458 614 631 679 voluntate
654 614 770 701 elegit3
800 616 853 679 alii
878 616 1057 702 propinqui
1088 597 1470 701 fungunturaliispro·

254 714 416 797 spiciendi
440 717 647 791 muneribus,
672 718 777 784 inulta
798 716 852 781 bis
875 720 908 781 in
931 718 1032 781 rebus
1055 737 1117 781 sua
1139 724 1262 801 sponte
1284 717 1419 781 faciunt
1440 726 1471 781 et

253 836 317 880 suo
334 816 472 881 arbitrio
494 818 715 882 constituunt,
759 819 803 881 At
826 819 1006 903 posteriori
1027 828 1178 903 tempore
1193 818 1359 883 infirmata
1375 820 1469 882 fami-

252 916 317 981 liae
333 918 364 981 vi
382 928 415 981 et
430 918 593 1003 gravitate
609 927 711 1005 atque
723 919 838 983 adulta
855 922 901 985 rei
919 920 1073 1004 publicae
1089 927 1259 1003 potestate
1275 942 1346 984 non
1363 922 1470 983 miuus

251 1019 286 1083 in
308 1018 471 1105 virginum
498 1040 598 1105 quam
620 1021 654 1082 in
678 1021 883 1105 pupillorum
907 1022 1012 1087 tutela
1036 1020 1189 1084 effectum
1212 1032 1280 1096 est,
1305 1031 1359 1098 ut,
1385 1023 1471 1085 sicut

254 1142 369 1185 ornnes
396 1120 698 1205 consanguinitatis
723 1122 948 1208 obligationes
972 1139 1005 1186 et
1024 1122 1103 1208 jura
1129 1122 1235 1186 multo
1261 1123 1367 1186 modo
1395 1132 1473 1185 sunt

253 1222 421 1286 deminuta
437 1232 495 1285 aut
510 1221 653 1296 sublata,
670 1223 716 1287 lta
728 1222 760 1285 in
775 1224 879 1287 tutela
890 1245 1028 1310 quoque
1041 1223 1188 1310 gerenda
1203 1224 1473 1309 propinquorum

253 1325 450 1410 conjunctio
472 1322 707 1388 multominus
724 1324 844 1391 valeat.
890 1325 974 1389 Nam
997 1326 1085 1389 sicut
1107 1324 1310 1411 pupillorum
1332 1324 1473 1388 tutelam

252 1426 432 1512 posteriori
453 1433 603 1509 tempore
620 1434 777 1490 mutatam
794 1449 868 1491 esse
884 1426 1116 1513 cognovimns,
1140 1430 1186 1489 ita
1202 1427 1370 1512 virginum
1389 1447 1473 1511 qno-

254 1630 312 1716 qui
329 1629 414 1693 enim
431 1628 620 1713 complures
636 1650 746 1715 neque
762 1629 934 1714 conjuncti
952 1650 1061 1714 neque
1078 1630 1221 1714 separati
1239 1627 1340 1692 simul
1352 1650 1472 1692 curan·

252 1745 303 1813 tes
325 1738 438 1817 agunt,
462 1737 564 1815 atque
586 1728 721 1793 omnino
745 1741 863 1815 postea
886 1731 1071 1816 virginibus
1094 1730 1298 1816 prospicitur
1318 1751 1396 1793 non
1413 1741 1474 1795 tam

253 1831 556 1917 consanguinitatis
586 1832 618 1895 vi
650 1841 684 1894 et
713 1831 981 1917 propinquorum
1015 1832 1203 1896 arctissima
1230 1832 1474 1917 conjunctione

253 1957 350 2023 quam
365 1934 477 2019 potius
490 1933 631 2019 legibus,
648 1934 774 2018 quippe
787 1954 873 2019 quae
886 1934 1135 1997 accuratissima
1146 1933 1195 1997 de'
1204 1934 1309 1997 tutela
1326 1935 1475 2021 gerenda

253 2036 413 2103 definiunt
429 2046 462 2100 et
476 2036 534 2098 uni
550 2024 679 2098 cuidam
698 2035 963 2120 propinquorum
979 2036 1114 2111 idoneo,
1130 2044 1168 2099 ut
1184 2056 1314 2100 omnem
1331 2035 1473 2121 virginis

252 2141 393 2205 salutem
410 2146 520 2202 servet
537 2136 627 2199 etde
643 2137 773 2223 integra
789 2157 827 2200 ea
843 2136 1009 2201 servanda
1026 2137 1175 2201 rationes
1195 2136 1326 2213 reddat,
1350 2157 1469 2201 omnes

251 2241 378 2306 tutelae
393 2238 618 2324 obligationes
639 2247 673 2302 et
687 2239 766 2323 jura
781 2238 943 2302 tribuunt.
987 2238 1100 2324 Atque
1115 2237 1301 2303 haererem
1319 2259 1471 2302 commu·

253 2344 380 2409 tatione
397 2362 464 2405 uua
481 2360 555 2403 cum
570 2339 707 2403 tutelam
724 2338 861 2425 gerendi
882 2338 984 2403 modo
1005 2338 1143 2404 tutelam
1159 2342 1265 2425 ipsam
1282 2348 1316 2403 et
1331 2340 1474 2427 virginis
1512 2345 1513 2420 l

254 2444 482 2510 conditionem
500 2444 658 2505 m'utatam
676 2462 835 2505 essenon
851 2440 1051 2505 mirabimur.
1096 2440 1181 2505 Nam
1198 2441 1237 2516 ei,
1260 2440 1355 2527 quod
1377 2440 1473 2504 fami·

253 2548 317 2611 liae
338 2545 389 2609 vis
411 2551 445 2607 et
464 2543 611 2628 gravitas
634 2544 815 2626 posteriori
837 2552 986 2627 tempore
1009 2551 1061 2606 est
1081 2541 1260 2615 deminuta,
1290 2552 1473 2606 consenta-

254 2668 352 2711 neum
369 2644 501 2707 videtur
518 2666 601 2717 esse,
624 2645 656 2706 in
673 2646 833 2731 virginem
850 2664 988 2729 quoque
1009 2644 1099 2707 illam
1114 2644 1223 2706 minus
1239 2642 1352 2706 valere
1369 2663 1472 2729 qnam

254 2750 366 2822 initio,
395 2754 428 2809 et
450 2744 493 2809 ob
517 2764 586 2807 eam
610 2765 744 2809 causam
767 2745 920 2809 feminam
941 2746 975 2807 in
996 2744 1196 2830 quibusdam
1219 2744 1330 2808 causis
1350 2745 1474 2831 majori

254 2848 375 2937 agendi
398 2843 558 2911 facultate
582 2846 640 2922 uti,
668 2860 701 2911 et
722 2848 757 2909 in
778 2847 819 2910 iis
842 2846 987 2932 quidem,
1011 2845 1196 2931 inquibus,
1224 2866 1266 2909 ue
1286 2844 1416 2908 familia
1433 2867 1475 2908 ex
1513 2861 1514 2874 ¹

254 2948 646 3039 virginisimbecillitate
674 2948 828 3011 damnum
855 2956 1001 3032 caperet,
1029 2946 1172 3010 feminae
1196 2946 1273 3009 olim
1298 2946 1475 3010 arbitrium

253 3052 451 3140 negabatur.
495 3049 547 3114 Ad
564 3049 722 3135 virginem
744 3050 850 3134 ipsam
872 3057 981 3112 autem
1006 3047 1161 3111 tuendam
1177 3057 1211 3111 et
1225 3046 1476 3111 defendendam

255 3176 357 3243 quum
393 3152 573 3237 posteriori
607 3160 757 3235 tempore
787 3171 926 3215 necesse
956 3150 1001 3213 sit
1030 3148 1073 3212 ab
1102 3168 1172 3211 uno
1203 3148 1478 3233 propinquorum

256 3254 402 3344 quodam
429 3252 553 3318 idoneo
583 3274 739 3339 poscere,
767 3260 807 3315 ut
828 3273 957 3316 omnem
984 3250 1127 3315 feminae
1147 3249 1288 3313 salutem
1308 3249 1479 3335 integram

255 3365 382 3432 servet,
411 3364 563 3441 potestas
591 3354 695 3419 tutori
723 3353 916 3419 necessario
938 3361 990 3416 est
1011 3348 1238 3425 concedenda,
1265 3362 1345 3436 qua‘
1356 3370 1479 3437 regere
1513 3421 1514 3426 η

256 3452 368 3546 possit
383 3478 432 3533 ea,
455 3457 497 3521 de
513 3458 637 3543 quibus
653 3456 738 3520 bene
753 3454 910 3542 regendis
925 3464 959 3519 et
975 3452 1152 3517 servandis
1165 3452 1315 3514 rationes
1330 3450 1481 3516 reddere
1513 3453 1514 3476 ¹

255 3562 364 3627 debet.
406 3562 517 3644 Atque
533 3578 594 3643 pro
611 3580 651 3623 eo
668 3556 761 3643 quod
777 3565 879 3633 tutor,
895 3564 935 3619 ut
950 3554 1074 3619 tutelae
1091 3553 1284 3617 muneribus
1300 3550 1480 3638 fungatur,

254 3670 423 3750 potestate
446 3662 562 3746 majori
584 3668 642 3723 aut
659 3660 777 3722 minori
793 3659 908 3733 utitur,
931 3656 1086 3720 feminam
1102 3676 1164 3718 sua
1178 3654 1286 3739 ipsius
1301 3661 1481 3737 potestate

254 3773 288 3830 et
303 3785 365 3829 suo
382 3763 519 3827 arbitrio
535 3763 639 3847 magis
656 3761 837 3825 autminus
854 3758 887 3823 in
904 3758 1046 3844 singulis
1068 3756 1179 3820 causis
1196 3763 1230 3819 et
1243 3754 1346 3819 rebus
1361 3756 1481 3838 priva-

252 3877 320 3934 tam
336 3888 410 3931 esse
426 3871 575 3949 apparet.
607 3860 742 3927 vIisdem
758 3862 861 3946 igitur
876 3860 998 3934 causis,
1022 3858 1145 3945 quibus
1161 3855 1369 3943 pupillorum
1384 3864 1481 3922 tute·

253 3970 318 4035 lam
335 3965 423 4053 apud
447 3965 531 4029 alias
553 3972 670 4050 gentes
691 3962 789 4026 aliam
805 3983 880 4026 esse
895 3960 1130 4034 intelleximus,
1152 3958 1319 4044 virginum
1335 3977 1482 4043 quoque

254 4070 391 4136 tutelam
422 4075 524 4153 atque
549 4065 681 4130 illarum
704 4065 834 4150 injure
863 4063 1089 4127 conditionem
1118 4058 1297 4144 posteriori
1323 4065 1482 4143 tempore

254 4170 349 4235 aliam
364 4169 485 4233 factam
504 4190 577 4233 esse
593 4176 761 4255 putamus,
784 4165 818 4229 id
835 4164 928 4251 quod
945 4162 1068 4229 certius
1085 4169 1119 4224 et
1134 4159 1323 4223 accuratius
1345 4177 1481 4245 cogno-

256 4293 387 4337 scemus
404 4270 554 4361 singulas
570 4269 735 4357 virginum
753 4267 878 4332 tutelae
894 4274 1006 4351 partes
1023 4270 1216 4327 tractantes.

323 4474 351 4538 1.
382 4472 433 4536 De
458 4472 623 4537 bonorum
651 4491 740 4535 cura.
789 4468 857 4533 Pro
883 4489 924 4533 eo
951 4464 1044 4553 quod
1070 4462 1215 4528 diximus
1242 4457 1483 4544 antiquissimo

248 4579 326 4665 jure
342 4573 503 4663 virgines,
518 4580 699 4659 postquam
714 4570 873 4656 majorem
888 4576 1091 4654 assequutac
1107 4564 1176 4626 sint
1190 4567 1342 4635 aetatem,
1358 4559 1486 4645 agendi
