3059 4967
838 396 879 463 26

759 488 960 497 ——-—-—--

252 621 353 687 quum
370 600 519 665 nondum
535 600 691 686 rnajorem
705 608 846 665 aetatem
862 600 1017 688 attigerit,
1034 621 1145 685 poena
1158 599 1306 686 legitima
1320 602 1465 671 siliciam

252 702 331 767 dum
347 725 421 769 esse
429 703 623 789 jubent³⁹).
668 701 776 781 Quam
792 725 858 767 rem
874 704 922 767 ita
937 725 973 767 se
988 702 1113 767 habere
1130 723 1199 767 nou
1215 704 1419 780 mirabimur,
1438 707 1466 769 si

252 805 288 869 in
318 805 506 869 memoriam
536 824 747 878 revocamus,
784 805 818 867 iu
847 804 964 869 iisdem
994 803 1147 869 sontibus
1177 804 1312 891 singula
1342 807 1466 871 tutelae

252 928 390 971 munera
416 927 491 971 esse
515 914 670 991 separata
691 914 725 968 et
746 905 812 969 alia
831 905 873 968 ab
896 905 971 969 aliis
998 906 1199 992 propinquis
1227 915 1333 993 gesta.
1386 908 1465 971 Nam

253 1008 283 1072 si
298 1006 472 1072 deficiente
492 1004 639 1092 generali
661 1006 785 1069 tutelae
808 1006 1019 1071 institutione
1035 1006 1164 1091 pupillo
1180 1007 1376 1072 iu-diversis
1393 1031 1467 1073 cau·
1508 1071 1509 1080 ,

253 1108 301 1171 sis
323 1127 384 1192 pro
408 1106 569 1193 singulari
591 1127 702 1171 earum
726 1116 846 1171 natura
868 1108 1003 1171 diverso
1027 1108 1127 1173 morlo
1151 1109 1374 1193 prospicitur,
1404 1132 1468 1173 uon
1508 1091 1509 1102 ἵ

256 1208 398 1273 alienum
421 1208 660 1284 videturesse,
684 1209 782 1272 etiam
804 1209 836 1271 iu
858 1208 1001 1294 singulis
1022 1210 1165 1295 negotiis
1187 1231 1247 1294 pro
1263 1231 1304 1273 eo
1321 1211 1421 1296 quod
1436 1234 1471 1274 ea

226 1352 230 1367 ,
255 1318 334 1373 sunt
357 1309 492 1396 majoris
514 1316 572 1371 aut
593 1309 730 1373 minoris
752 1311 919 1382 momenti,
943 1311 1113 1374 arbitrium
1134 1320 1169 1374 et
1189 1309 1309 1396 agendi
1326 1311 1471 1375 faculta-

254 1419 320 1477 tem
350 1412 469 1497 pupilli
499 1410 663 1503 diversam
694 1432 770 1475 esse
799 1413 1033 1489 constitutam,
1064 1412 1110 1477 ita
1135 1422 1173 1477 ut
1198 1414 1232 1475 in
1263 1412 1340 1477 aliis
1371 1416 1472 1479 rebus

255 1513 410 1600 gerendis
437 1512 543 1577 maior
569 1520 661 1575 aetas
689 1522 850 1597 poscatur
875 1536 974 1599 quam
1000 1516 1033 1578 iu
1059 1513 1142 1578 aliis.
1195 1513 1328 1593 Quibus
1359 1516 1472 1591 rebus,

255 1615 343 1679 sicut
357 1615 589 1701 cognovimus,
612 1615 757 1689 mutatis,
779 1615 812 1677 iu
828 1616 1005 1679 recentiori
1014 1616 1093 1700 jure
1109 1636 1209 1679 uuum
1226 1614 1336 1679 solum
1352 1617 1473 1680 aetatis

256 1715 429 1780 terminum
459 1716 646 1779 invenimus
672 1718 909 1792 constitutum,
940 1736 1009 1802 quo
1035 1715 1212 1801 pupillaris
1237 1724 1332 1779 aetas
1358 1716 1474 1781 fluitur

255 1838 366 1904 eoque
386 1818 420 1882 id
444 1816 601 1892 efficitur,
631 1825 670 1880 ut
690 1816 827 1881 adultus
850 1818 1006 1883 omnibus
1027 1818 1099 1893 suis
1120 1818 1257 1903 juribus
1277 1838 1344 1880 suo
1365 1818 1473 1902 ipsius

256 1919 393 1984 arbitrio
416 1927 529 1984 utatur
551 1919 709 2005 omnique
730 1919 850 2005 agendi
872 1919 1033 1984 facultate
1048 1918 1203 2004 gaudeat,
1227 1939 1325 2005 quam
1343 1919 1474 1983 obrem

258 2042 345 2107 quae
365 2022 433 2085 siut
462 2020 596 2105 majoris
624 2020 743 2083 aetatis
771 2022 922 2108 singulae
948 2021 1211 2106 consequentiae
1238 2020 1336 2105 prodi
1362 2043 1474 2107 neque

257 2132 402 2209 possunt
418 2143 526 2208 neque
543 2122 676 2187 debent.
708 2120 842 2213 ¹Omnia
857 2144 943 2209 quae
960 2121 1090 2207 pupillo
1108 2133 1183 2185 orta
1198 2136 1278 2186 sunt
1292 2123 1375 2208 jura
1389 2124 1475 2187 iuter

256 2224 481 2311 pubertatem,
505 2244 660 2310 quaeque
683 2224 786 2288 allata
807 2236 888 2289 sunt
907 2224 998 2287 bona
1019 2244 1039 2286 a
1058 2230 1171 2287 tutore
1191 2224 1222 2287 ei
1242 2223 1374 2310 integra
1396 2221 1475 2288 sunt

256 2325 434 2403 tradenda,
463 2338 644 2413 postquam
671 2328 829 2413 majorem
858 2334 999 2391 aetatem
1027 2332 1231 2410 assequutus
1260 2335 1329 2400 est,
1358 2333 1474 2413 atque,
1511 2327 1512 2334 ’

257 2450 359 2514 quum
380 2428 493 2492 dativa
514 2428 621 2493 tutela
642 2428 874 2492 Scaudiuaviis
896 2427 1066 2492 veteribus
1087 2425 1188 2509 plane
1209 2426 1255 2489 sit
1272 2427 1409 2513 ignota,
1434 2428 1473 2490 ab

258 2550 299 2593 eo
321 2538 523 2614 poscuntur,
553 2530 606 2593 cui
628 2530 857 2615 prospiciendi
880 2551 1002 2593 munus
1028 2527 1322 2613 consanguinitate
1344 2527 1474 2592 defere-

258 2630 367 2695 batur.

587 2974 636 3047 m
662 2974 719 3047 De
737 2972 943 3047 mulierum
959 2969 1143 3055 tutelam.

321 3134 375 3201 Ex
403 3136 451 3201 rei
480 3135 636 3221 publicae
670 3136 761 3220 apud
790 3146 922 3201 veteres
950 3131 1196 3198 Scandinavios
1230 3128 1479 3207 constitutione

258 3238 524 3324 familiarumque
541 3246 670 3313 natura,
686 3237 811 3323 quibus
827 3235 1031 3321 pupillorum
1045 3232 1185 3298 tutelam
1201 3229 1479 3317 cognoscendam

259 3347 294 3405 et
326 3338 557 3426 explicandam
587 3326 661 3403 esse
691 3338 928 3425 cognorimus,
956 3336 1113 3401 mulieres
1142 3332 1258 3413 tuendi
1288 3332 1479 3397 necessitas

260 3462 398 3527 quoque
429 3450 463 3505 et
486 3442 634 3506 rationes
660 3439 782 3505 deduci
807 3452 842 3502 et
866 3437 1008 3524 intelligi
1040 3445 1194 3522 possunt.
1249 3432 1334 3498 Nam
1370 3453 1480 3518 quum

259 3542 351 3627 apud
371 3543 450 3609 illos
470 3542 595 3606 familia
614 3542 750 3606 nonnisi
768 3540 876 3625 ipsius
890 3539 1020 3621 viribus
1039 3536 1262 3623 integritatem
1284 3544 1319 3599 et
1332 3532 1481 3597 salutem

260 3645 325 3709 sibi
341 3666 475 3710 servare
496 3644 616 3729 possit,
640 3652 741 3729 atque
763 3642 1029 3727 propinquorum
1052 3638 1137 3703 alter
1156 3636 1295 3701 alterius
1315 3633 1481 3697 auxilium

260 3850 462 3863 Ι..--.--..-..

311 3982 357 4047 ³⁹)
376 3984 451 4036 Aeld.
465 3983 508 4037 (il,
521 3982 550 4032 L,
566 3984 614 4033 190
627 3980 668 4045 (1,
681 3978 739 4045 69);
764 3979 894 4031 Asld,.F'r.
908 3979 939 4031 L.
951 3979 997 4029 IV,
1010 3980 1043 4029 36
1059 3979 1100 4040 (1.,
1115 3978 1189 4036 169);
1213 3972 1288 4025 Aeli.
1301 3968 1388 4022 Biarlt.
1403 3972 1438 4025 R
1451 3974 1482 4023 51

261 4069 302 4135 (1,
314 4067 377 4131 314)
395 4070 427 4119 97
445 4069 485 4131 (1.,
498 4065 575 4133 321),
596 4069 644 4118 116
661 4068 702 4131 tl,
714 4064 777 4131 325)
794 4067 900 4120 etcum
912 4064 989 4116 aeid.
1001 4063 1042 4115 al.
1055 4064 1086 4117 L.
1099 4064 1144 4113 lx.
1158 4065 1192 4111 14
1208 4062 1250 4121 (1,
1263 4055 1339 4122 ²¹⁴l3
1357 4055 1420 4108 ibid
1445 4060 1484 4118 26,

262 4158 293 4203 ar
307 4154 348 4217 (1,
362 4156 432 4211 emt.

312 4240 340 4303 *l
359 4238 527 4305 Engelstofft:
551 4238 651 4302 Forsbg
663 4235 693 4297 til
706 4251 738 4285 eu
751 4232 885 4300 Skildring
901 4234 933 4284 uf
942 4232 1167 4297 Quindekjbnnets
1184 4228 1309 4295 huusiige
1325 4223 1360 4277 nb
1377 4226 1485 4293 borger

261 4324 315 4389 lige
332 4324 397 4374 kaar
414 4321 461 4373 hos
480 4319 690 4373 Skandinaverne
705 4323 748 4371 lbr
762 4317 987 4369 Kristendommes
1002 4316 1175 4367 Indlbrelse:
1191 4315 1244 4374 (De
1260 4312 1405 4365 muliorum
1429 4328 1485 4363 con

262 4408 361 4459 alitione
374 4408 442 4475 apud
456 4414 557 4459 veteres
570 4405 771 4462 Soandmariosl
782 4403 879 4455 Kiobb.
895 4404 970 4453 1799.
1008 4401 1060 4462 Qui
1072 4399 1142 4451 baud
1154 4398 1268 4450 multum
1279 4396 1388 4464 prodest
1397 4396 1436 4447 sd
1447 4412 1485 4448 res

268 4493 473 4559 cognoscendas,
491 4506 571 4557 quum
582 4506 668 4556 neque
680 4490 798 4541 diversos
806 4490 875 4554 juris
886 4490 973 4539 tontes
982 4502 1067 4551 neque
1079 4486 1198 4553 singulas
1208 4483 1389 4536 institutiones
1399 4498 1486 4549 nequa

268 4577 436 4630 historiarum
448 4578 615 4629 narrationes
623 4583 651 4627 et
660 4576 750 4643 legum
761 4579 902 4641 praccepta
912 4572 976 4623 setis
987 4570 1147 4623 dimmrerit.
1229 4601 1232 4610 «
