3059 4967
688 410 710 478 9

84 618 271 709 propinqui
295 636 365 683 non
393 616 483 683 sieut
509 618 741 685 olim-familia
765 619 841 705 ipsa
861 639 953 683 suam
975 616 1079 683 habet
1098 636 1208 703 neque
1229 636 1308 703 pro·

81 723 210 810 pinqui
232 721 500 809 propinquorum
529 744 648 787 causas
670 722 919 809 quodammodo
947 743 1010 786 suo
1032 718 1169 784 arbitrio
1192 727 1226 782 et
1246 739 1309 782 sua
1352 704 1362 721 ’

82 834 214 912 sponte
236 831 364 912 gerunt,
388 822 448 887 sed
470 824 695 911 obligationes
717 823 1009 911 consanguinitate
1031 822 1126 886 nisae
1140 820 1307 907 pauciori·

79 931 153 993 bus
176 925 377 1015 propinquis
397 926 573 1010 impositae
594 934 674 992 sunt
690 933 723 991 et
739 928 821 1015 quid
837 927 981 1014 quisque
1002 944 1115 989 eorum
1138 927 1307 1009 praestare

82 1032 223 1106 debeat,
246 1035 335 1093 certe
352 1026 514 1092 definiunt
529 1030 725 1093 recentioris
735 1029 942 1116 juris-leges,
965 1026 1091 1114 quippe
1108 1046 1194 1113 quae
1209 1024 1307 1089 etiam

82 1133 206 1197 multis
227 1129 339 1195 verbis
366 1130 580 1216 propinquos
608 1130 802 1206 hortantur,
829 1140 867 1196 ut
887 1131 944 1201 iis,
973 1150 1060 1216 quae
1082 1127 1145 1192 sibi
1165 1126 1306 1190 invicem

85 1236 250 1309 debeant,
284 1230 542 1314 satisfaciant4).
574 1230 780 1311 Quibuscum
813 1231 1077 1319 obligationibus
1106 1228 1204 1293 simul
1229 1228 1309 1313 jura

83 1356 241 1423 quoque,
269 1334 393 1420 quibus
416 1333 503 1398 inter
525 1335 637 1399 scusi
666 1334 735 1399 sint
757 1333 950 1420 propinqui,
977 1340 1036 1398 aut
1057 1331 1231 1396 deminuta
1249 1336 1309 1394 aut

83 1440 227 1503 sublata
242 1458 326 1511 esse,
351 1435 564 1521 perspicuum
581 1442 641 1499 est.

152 1540 207 1603 Ex
227 1538 292 1613 his,
316 1558 403 1622 quae
419 1536 460 1602 de
475 1538 523 1602 rei
539 1536 694 1622 publicae
713 1534 981 1623 familiarumque
1002 1535 1117 1601 indole
1132 1543 1166 1601 et
1181 1534 1307 1599 consti·

82 1641 222 1705 tutione
248 1639 338 1725 apud
364 1646 495 1705 veteres
522 1637 766 1703 Scaudinavios
794 1638 940 1703 breviter
965 1637 1119 1714 diximus,
1146 1638 1307 1726 cognosci

84 1748 207 1827 potest
232 1742 356 1807 tutelae
384 1762 522 1829 quoque
548 1740 753 1826 pupillorum
781 1747 815 1805 et
834 1739 1007 1804 mulierum
1036 1741 1148 1828 origo,
1177 1742 1308 1829 integra

83 1852 220 1919 natura,
237 1851 338 1929 atque
355 1843 566 1920 mutationes,
583 1864 669 1929 quae
686 1849 806 1927 postea
822 1842 851 1906 ei
867 1849 947 1905 sunt
962 1842 1092 1907 allatae.
1137 1842 1305 1917 Namubi,

84 1955 126 2010 ut
148 1944 294 2009 familiae
316 1946 423 2032 ipsius
444 1952 477 2011 et
498 1946 663 2033 cujusque
690 1944 872 2031 propinqui
894 1943 986 2008 salus
1007 1954 1109 2032 atque
1132 1945 1306 2031 integritas

85 2054 296 2123 servaretur,
334 2047 602 2133 propinquorum
632 2045 716 2111 alter
745 2046 882 2111 alterius
918 2046 1076 2113 auxilium
1106 2070 1307 2137 magnopere

89 2148 212 2213 babuit
231 2138 472 2224 necessarium,
500 2148 606 2213 multo
634 2146 738 2234 magis
760 2168 835 2223 eos,
864 2148 922 2233 qui
946 2157 1085 2235 propter
1100 2152 1228 2217 aetatis
1249 2157 1308 2215 aut

90 2272 195 2315 sexus
217 2249 475 2314 imbecillitatem
493 2272 529 2314 se
543 2248 608 2335 ipsi
623 2251 709 2314 tueri
725 2271 793 2314 nou
816 2253 971 2334 possunt,
994 2252 1162 2337 praesidio
1178 2261 1213 2319 et
1227 2274 1308 2317 eura

89 2354 241 2439 eguisse,
264 2350 363 2417 facile
385 2351 486 2415 nobis
509 2350 787 2437 persuadeamus3
816 2358 919 2438 atque
942 2353 986 2417 ob
1011 2354 1148 2419 eandem
1172 2376 1306 2419 causam

88 2475 188 2518 nemo
215 2454 257 2517 ab
285 2453 351 2517 alio
377 2454 515 2519 tutelam
542 2454 583 2517 iis
606 2452 791 2539 praebitam
815 2454 949 2538 putabit
975 2456 1110 2521 nonnisi
1132 2479 1152 2520 a
1173 2457 1305 2524 familia.

87 2557 201 2642 Atque
223 2555 258 2617 in
281 2554 388 2619 tutela
411 2556 558 2641 gerenda
580 2578 640 2620 cur
661 2576 730 2619 nou
745 2554 881 2620 valeant
902 2556 1043 2643 intelligi
1058 2561 1186 2645 nequit,
1212 2560 1306 2646 quod

87 2658 189 2721 nobis
206 2656 295 2743 juris
316 2656 468 2721 fontibus
489 2658 641 2734 traditur,
658 2657 891 2743 antiquissimo
912 2665 1065 2745 tempore
1085 2666 1189 2725 totam
1210 2660 1305 2726 fami-

85 2760 165 2824 liam
182 2759 245 2822 sibi
263 2778 324 2821 sua
338 2758 446 2844 ipsius
458 2760 622 2845 gravitate
638 2781 769 2845 semper
781 2760 983 2845 praesidium
999 2762 1172 2839 adtulisse,
1189 2783 1305 2828 omnes

85 2861 301 2947 propinquos
328 2881 391 2924 suo
414 2861 551 2927 arbitrio
579 2860 758 2947 praecipue
782 2870 816 2927 et
837 2863 941 2948 magis
968 2885 1030 2927 sua
1057 2872 1180 2949 sponte
1205 2888 1305 2951 quam

87 2969 229 3029 coactos
257 2982 372 3024 omnes
398 2962 589 3047 explevisse
619 2963 923 3050 consanguinitatis
954 2966 1190 3052 obligationes.
1232 2965 1304 3033 Nec

86 3068 197 3129 minus
214 3085 313 3150 quam
328 3066 495 3130 recentius
511 3068 570 3153 jus
586 3064 715 3151 profert
734 3073 895 3131 mutatam
910 3066 1049 3130 tutelam
1065 3066 1216 3152 aliasque
1232 3089 1304 3133 eam

86 3165 226 3254 gerendi
256 3166 405 3231 rationes
434 3188 474 3232 ex
508 3188 547 3231 eo
577 3166 736 3253 explicari
763 3188 866 3251 posse
893 3166 1064 3243 videntur,
1098 3168 1192 3254 quod
1215 3169 1303 3255 juris

83 3268 327 3343 institutiones,
352 3268 475 3353 quibus
496 3268 676 3354 posteriori
697 3276 848 3354 tempore
868 3275 1000 3333 veteres
1016 3268 1230 3333 Scandinavii
1250 3272 1303 3336 usi

85 3378 176 3449 sunt,
204 3371 444 3446 demonstrant,
471 3370 668 3435 familiarum
692 3370 759 3435 vim
787 3376 820 3436 et
845 3371 1042 3457 gravitatem
1067 3370 1173 3435 multo
1200 3374 1301 3438 modo

83 3474 297 3546 deminutam,
321 3472 368 3537 rei
391 3472 546 3558 publicae
569 3479 772 3559 potestatem
793 3479 913 3556 postea
941 3471 1041 3537 valde
1063 3481 1193 3538 auctam
1217 3495 1302 3538 esse.

83 3575 219 3656 Quibus
234 3574 335 3638 rebus
353 3573 497 3661 cognitis
517 3596 714 3661 persuasum
731 3580 821 3639 certe
835 3573 987 3650 habebis,
1011 3575 1044 3638 in
1060 3574 1301 3660 prospiciendo

82 3696 223 3763 quoque
248 3674 304 3749 iis,
339 3676 396 3761 qui
421 3675 528 3740 libera
553 3682 705 3741 carerent
744 3676 864 3763 agendi
890 3673 1061 3750 facultate,
1088 3677 1300 3765 propinquos

81 3778 241 3863 paulatim
258 3778 367 3841 minus
383 3778 491 3863 egisse
507 3784 541 3842 et
557 3776 708 3844 effecisse
729 3786 831 3864 atque
847 3787 960 3859 eo'rum
976 3778 1043 3841 vim
1057 3778 1163 3863 magis
1177 3780 1299 3865 magis·

80 3902 147 3966 que
169 3900 238 3943 rem
260 3878 426 3963 publicam
455 3878 602 3963 adultam
629 3879 851 3965 supplevisse.
902 3879 1003 3959 Quod
1025 3880 1053 3943 si
1068 3880 1146 3965 jure
1172 3888 1298 3945 rectum

78 3988 191 4065 putas,
214 3978 313 4044 facile
333 3979 512 4066 intelliges,
536 4003 596 4045 cur
614 3980 739 4045 factum
757 3982 810 4057 sit,
834 3982 927 4066 quod
949 3981 1127 4066 posteriori
1148 3988 1299 4067 tempore

76 4082 212 4167 legibus
233 4081 338 4167 magis
360 4081 498 4167 pupillis
519 4091 553 4147 et
572 4082 768 4171 mulieribus
790 4083 1073 4167 prospiciebatur,
1097 4103 1196 4168 quam
1219 4104 1297 4168 pro·

77 4185 285 4270 pinquorum
315 4182 469 4260 arbitrio,
504 4183 597 4270 quod
628 4188 800 4268 praeterea
828 4185 1011 4270 propinqui
1041 4206 1166 4270 neque·
1182 4206 1297 4250 omnes

77 4307 190 4371 neque
217 4283 408 4369 complures
435 4285 534 4349 simul
561 4285 694 4350 easdem
721 4286 884 4371 gerebant
910 4308 1031 4351 causas
1057 4294 1158 4373 atque
1181 4309 1296 4353 eorum

76 4409 146 4451 non
174 4385 230 4451 alii
256 4385 330 4449 aliis
357 4385 472 4450 tuendi
497 4384 690 4450 muneribus
716 4385 959 4472 fungebantur,
989 4388 1087 4452 immo
1114 4388 1223 4476 quod,
1254 4411 1295 4453 ne

132 4607 157 4679 ι)
169 4604 270 4669 Μαι
280 4608 298 4666 1.
312 4624 333 4661 ο.
347 4625 371 4683 p.
387 4612 443 4677 122,
458 4611 515 4674 142,
528 4612 579 4669 374
590 4626 644 4681 saa·
659 4611 709 4663 ³⁸³
722 4626 777 4683 sas·
