3059 4967
681 414 702 478 3

80 618 229 707 quisque
250 616 489 704 appellatur⁸).
535 613 629 695 Quas
648 615 800 704 legentes
823 615 933 696 animo
966 615 1056 681 clare
1081 622 1116 682 et
1140 615 1299 683 distincte

79 721 302 801 concipimus,
324 718 497 805 quomodo
519 724 651 783 veteres
674 718 832 789 Germani
858 718 995 783 omniuo
1010 718 1113 785 vitam
1136 719 1298 806 degerint,

81 820 257 909 quomodo
270 819 490 884 convenerint
505 818 612 885 adres
624 820 779 905 publicas
792 819 950 908 agendas,
967 818 1139 906 quomodo
1151 820 1185 885 in
1197 820 1298 886 domo

81 932 117 988 et
132 923 167 987 in
182 944 218 987 re
234 922 369 1007 publica
385 921 521 1009 egerint.
545 920 596 987 Ad
611 921 769 987 familiam
791 923 820 986 si
836 921 1019 1009 praecipue
1033 922 1177 987 animum
1192 922 1299 988 inten-

81 1024 241 1095 derimus,
254 1024 418 1110 cognosci
427 1022 516 1100 licet,
530 1024 799 1107 quaconditione
815 1025 902 1090 inter
921 1046 958 1089 se
977 1023 1030 1087 usi
1048 1023 1116 1089 sint
1127 1024 1300 1111 conjuges,

39 1146 41 1150 ·
82 1149 153 1213 qua
175 1128 306 1194 ratione
327 1124 424 1189 liberi
447 1124 534 1189 inter
556 1146 592 1189 se
615 1133 745 1191 etcum
768 1124 981 1211 parentibus·
996 1123 1156 1201 vixerint,
1180 1124 1300 1212 quales

81 1229 162 1293 filiis
183 1236 217 1291 et
236 1225 370 1293 filiabus
391 1225 634 1291 matrimonium
655 1226 934 1291 contrahentibus
956 1233 1051 1290 ortae
1065 1225 1135 1292 sint
1149 1224 1298 1311 singula·

83 1350 157 1393 rum
180 1327 378 1391 familiarum
401 1325 670 1411 conjunctiones,
695 1326 794 1414 quale
814 1326 917 1393 fuerit
931 1327 1076 1392 omnium
1091 1329 1302 1413 propinquo·

83 1451 157 1493 rum
170 1428 340 1493 vinculum
352 1432 391 1508 ⁹).
420 1426 556 1493 Illarum
571 1428 799 1505 historiarum,
815 1449 955 1515 quarum
971 1428 1132 1515 plurimae
1146 1428 1180 1493 in
1193 1427 1303 1493 lucem

88 1540 171 1593 sunt
186 1530 342 1606 emissae,
365 1529 549 1595 nonnullae
570 1530 639 1595 hoc
654 1530 733 1595 loco
748 1530 974 1596 numerandae
988 1530 1155 1606 videntur,
1178 1536 1212 1593 et
1227 1528 1301 1615 qui·

85 1632 160 1695 dem
177 1652 247 1705 eae,
264 1652 350 1717 quae
363 1629 406 1696 ad
417 1630 556 1697 tutelam
567 1632 776 1697 tractandam
788 1632 1098 1720 pervestigavimus.
1128 1629 1302 1697 Uberrima

85 1732 233 1797 omnium
255 1733 395 1818 primum
419 1731 572 1798 obtineat
590 1732 705 1798 iocum
731 1733 969 1821 „Nials-Saga,
991 1733 1135 1798 historia
1156 1730 1246 1797 Niali
1269 1739 1303 1796 et

84 1834 241 1911 filiorum,
258 1834 424 1898 sumtibus
436 1833 526 1898 Petri
541 1834 702 1901 Friderici
713 1834 844 1901 Submii
866 1843 900 1901 et
913 1835 1016 1923 legati
1035 1832 1303 1919 Arna-Magnae-

85 1934 143 1999 ani
170 1934 322 2000 Havniae
349 1934 572 2001 MDCCCIX“
600 1956 700 2022 quam
723 1936 870 2023 excipiat
891 1936 1024 2023 „Sagen
1047 1934 1086 1999 af
1105 1933 1300 2019 Gunnlaugi

86 2028 297 2123 Ormstungu
324 2036 369 2101 ok
399 2035 517 2129 Skalld
546 2036 647 2101 Rafni
680 2036 751 2102 sive
781 2036 974 2125 Gunnlaugi
1004 2036 1243 2121 Vermilingvis
1271 2041 1305 2099 et
1427 2094 1433 2121 ,

84 2136 207 2203 Rafnis
223 2147 344 2222 poetae
359 2138 430 2204 vita
445 2136 588 2203 Hafniae
604 2138 880 2203 MDUCLXXV“
894 2147 928 2204 et
943 2138 1103 2224 deinceps
1118 2145 1305 2224 sequantur

88 2237 335 2325 „Viga-Glums
357 2238 447 2326 Saga
468 2238 540 2303 sive
562 2240 632 2304 vita
652 2238 869 2325 Viga·Glumi
887 2264 929 2305 ex
944 2239 1182 2325 manuscriptis
1201 2237 1305 2324 legati

88 2340 290 2427 Magnaeani
318 2340 471 2406 Havniae
500 2339 838 2420 MDCCLXXXVI“;
868 2341 1121 2427 Hervararsaga
1150 2340 1195 2405 ok
1223 2339 1304 2403 Hei-

89 2440 302 2530 drekskongs
323 2442 390 2508 hoc
411 2450 462 2507 est
482 2441 624 2507 historia
643 2441 817 2507 Hervbrae
839 2449 873 2507 et
891 2443 993 2528 Regis
1012 2441 1182 2518 Heidrelri‚
1205 2463 1305 2528 quam

90 2565 132 2607 cx
147 2544 384 2630 manuscriptis
404 2543 731 2629 Amce-Magnaeani
753 2543 935 2609 illustravit
949 2544 1143 2630 Stephanus
1160 2544 1304 2608 Bibrno-

89 2644 144 2708 nis
158 2644 249 2720 Isl.“;
266 2643 569 2732 „Romalis-Saga
583 2645 655 2711 sive
670 2644 833 2710 Kormaki
856 2643 1046 2733 Oegmundi
1059 2646 1118 2711 filii
1133 2645 1204 2711 vita
1218 2643 1303 2709 Haf-

89 2745 491 2823 niaeMDCCLXXXIl“;
500 2745 1182 2836 „Kriestni·Sagasivehistoriareligionis
1195 2746 1303 2811 chris·

89 2848 201 2913 tianae
223 2849 258 2912 in
278 2848 428 2914 Islandia
449 2846 671 2925 introductae,
698 2870 761 2913 nec
782 2870 852 2914 non
878 2857 966 2921 battr
989 2849 1027 2914 af
1037 2848 1139 2914 Isleili
1160 2848 1305 2933 Biskupi

91 2949 163 3014 sive
185 2951 331 3015 narratio
354 2951 396 3015 de
417 2949 518 3015 Isleifi
541 2949 704 3035 episcopo
722 2972 763 3015 ex
777 2951 1013 3037 manuscriptis
1029 2951 1131 3039 legati
1145 2950 1305 3039 Magnae·

91 3052 147 3115 ani
168 3050 312 3117 Hafniae
335 3050 616 3119 MDCCLXXIII.
632 3088 673 3097 —
695 3051 791 3118 Sicut
812 3053 942 3119 illarum
964 3052 1179 3117 historiarum
1202 3052 1305 3138 pluri·

92 3173 174 3228 mas,
188 3154 236 3217 ita
251 3152 517 3240 antiquissimum
528 3153 588 3239 jus
604 3152 838 3237 copiosissime
852 3152 985 3241 legibus
1001 3153 1169 3231 traditum,
1185 3175 1255 3218 non
1270 3154 1305 3218 in

92 3253 266 3341 Norvegia
284 3254 483 3331 invenimus,
506 3254 567 3319 sed
583 3249 684 3340 apud
694 3276 769 3330 eos,
793 3256 862 3341 qui,
878 3262 917 3319 ut
937 3277 1045 3319 novas
1065 3277 1120 3320 res
1140 3254 1306 3341 fugerent,

94 3355 234 3440 patriam
249 3354 468 3443 reliquerunt,
480 3363 514 3420 et
524 3355 677 3432 insulam,
695 3377 782 3443 quae
794 3356 1107 3433 vocaturlslandia,
1120 3355 1307 3436 coluerunt.
1327 3436 1330 3439 ἦ

94 3455 246 3535 Quorum
269 3452 403 3543 quidam
425 3454 608 3523 Ulfliothus
631 3458 775 3535 nomine,
798 3479 887 3522 anno
911 3457 1156 3524 DCCCCXXV
1175 3456 1306 3523 Norve·

94 3556 181 3641 giam
207 3557 368 3642 petivisse
393 3557 530 3635 dicitur,
556 3567 594 3625 ut
617 3561 780 3647 majorum
798 3560 857 3647 jus
884 3580 994 3624 novae
1015 3559 1143 3645 patriae
1165 3558 1306 3625 afferret.

11 3648 15 3655 ’
93 3656 202 3744 Leges
224 3658 272 3722 ita
295 3667 449 3745 receptas
471 3682 529 3726 ore
557 3661 709 3747 prolatas
729 3661 907 3726 memoriae
927 3660 1217 3737 commendarunt,
1246 3660 1306 3725 sed

94 3759 229 3823 duobus
251 3780 356 3845 paene
377 3760 522 3826 saeculis
546 3772 625 3848 post
645 3762 766 3827 litteris
787 3761 1038 3827 mandaverunt.
1094 3760 1195 3841 Quod
1218 3761 1307 3847 juris

95 3881 219 3946 corpus
242 3859 516 3937 „Haflith-Skra“
540 3866 744 3928 nominatum
767 3864 1006 3948 posteamnlto
1028 3863 1130 3927 modo
1146 3870 1308 3928 mutatum

95 3972 128 4027 et
143 3969 277 4026 auctum
293 3964 392 4027 nobis
408 3964 566 4030 traditum
584 3975 645 4041 est,
659 3964 825 4029 inclusum
846 3966 973 4041 codice,
995 3964 1053 4053 qui
1068 3973 1210 4029 vocatur
1225 3964 1308 4031 Grai·

94 4061 154 4152 gas
176 4064 195 4129 i.
213 4070 360 4131 esanser
383 4065 545 4133 cinereus.
590 4065 666 4132 Hoc
689 4072 799 4133 autem
820 4067 954 4141 nomine
975 4087 1045 4131 non
1066 4067 1108 4131 ab
1129 4066 1225 4133 initio
1247 4069 1307 4135 sed

147 4434 172 4503 ι)
192 4434 231 4487 Ol.
248 4438 357 4490 Miller:
375 4437 608 4507 Sagenbibliotbelr
627 4436 672 4491 des
690 4436 842 4497 skandinav.
861 4440 1024 4495 Alterthnms
1035 4442 1064 4494 in
1076 4408 1140 4513 ling
1153 4458 1233 4513 germ.
1248 4458 1307 4498 vere

90 4538 106 4574 a
118 4521 271 4575 Lachmann
287 4525 375 4577 Berlin
389 4528 464 4579 1816.

165 4608 191 4679 ⁹)
210 4608 298 4665 Wilda
311 4610 329 4667 t
342 4626 364 4664 e.
378 4626 404 4681 p.
418 4614 433 4661 8
446 4627 484 4679 sq.

1075 4695 1105 4755 ι*
