3059 4967
760 397 963 497 —2-4-

253 613 355 691 atque
376 602 509 669 eaedem
531 601 632 690 leges,
655 598 828 688 quomodo
849 607 971 688 agatur
989 602 1024 665 in
1043 597 1136 668 illum
1161 604 1189 668 si
1211 603 1380 668 solvendo
1404 623 1473 667 non

253 707 307 782 sit,
330 705 413 770 nihil
429 704 648 769 constituunt
693 702 746 766 Ex
761 704 803 768 iis
818 712 938 779 autem,
962 725 1048 790 quae
1064 706 1106 769 de
1120 703 1253 769 feminis
1270 704 1471 769 condemna·

252 808 307 884 tis,
323 806 449 894 quippe
466 826 552 891 quae
569 803 610 867 ad
628 824 768 889 poenam
785 805 983 870 solvendam
997 806 1217 871 facultatibus
1231 809 1341 892 egent,
1358 806 1474 870 decer·

253 917 339 975 nunt
359 908 462 995 leges,
485 906 632 972 fortasse
654 904 795 992 intelligi
817 913 941 991 potest,
970 908 1142 995 quomodo
1163 908 1284 993 pupilli
1305 928 1474 993 pauperes

252 1011 445 1101 puniantur.
492 1008 577 1072 Nam
607 1006 762 1071 mulieres
794 1029 896 1094 quum
930 1009 1018 1073 sicut
1048 1010 1200 1095 pupillos
1233 1030 1316 1095 pace
1349 1010 1474 1094 privari

252 1112 392 1177 vetitum
410 1111 464 1185 sit,
488 1108 711 1173 creditoribus
727 1110 804 1173 illas
819 1108 930 1174 addici
947 1110 1173 1184 constituitur,
1196 1121 1235 1175 nt
1249 1110 1431 1174 laboribus
1448 1111 1474 1173 ei

254 1211 533 1291 satisfaciant30).
579 1212 689 1296 Atque
715 1209 803 1273 hanc
829 1210 1061 1275 executionem
1084 1213 1118 1275 in
1140 1212 1304 1297 pupillum
1333 1220 1476 1297 propter

256 1316 320 1380 alia
342 1315 455 1385 debita
474 1313 543 1397 fieri
567 1312 595 1375 si
618 1313 828 1396 apparet³¹)‚
854 1332 1050 1397 persuasum
1078 1312 1204 1377 habere
1227 1313 1328 1377 liceat
1356 1314 1474 1377 eodem

253 1417 356 1482 modo
372 1413 535 1503 pupillum
552 1434 729 1498 pauperem
743 1414 788 1477 ob
801 1414 938 1477 crimina
951 1414 1071 1499 puniri.
1109 1412 1241 1494 Quibus
1257 1414 1292 1477 in
1306 1416 1475 1502 angustiis

254 1528 294 1583 ut
319 1516 501 1603 propinqui
533 1516 729 1602 plerumque
756 1515 958 1602 adjuvarent
983 1515 1147 1600 pupillum
1177 1516 1321 1579 familiae
1342 1525 1475 1590 natura,

255 1620 388 1708 qualem
404 1618 462 1683 illo
479 1625 629 1701 tempore
644 1615 749 1681 fuisse
771 1638 874 1701 supra
894 1618 1113 1692 ostendimus,
1135 1617 1255 1703 procul
1273 1617 1382 1681 dubio
1406 1617 1476 1682 effi-

257 1720 418 1795 ciebatur,
443 1718 503 1784 sed
519 1718 685 1783 liberandi
700 1717 790 1781 illius
807 1718 1024 1807 obligationis
1046 1720 1171 1784 nullam
1188 1719 1318 1783 faciunt
1332 1719 1476 1782 mentio·

185 1896 192 1903 ᾗ
256 1844 331 1885 nem
358 1821 466 1907 leges,
501 1822 627 1907 quippe
653 1841 739 1905 quae
771 1818 947 1885 alimoniae
977 1830 1131 1908 sumptus
1161 1819 1420 1905 diligentissime
1447 1829 1477 1883 et

255 1931 412 1988 accurate
427 1922 514 1985 inter
529 1922 741 2007 propinquos
757 1922 1034 2006 distribuunt22).

179 2125 187 2144 ¹
258 2127 261 2131 ’
321 2124 477 2190 &Bona
493 2122 630 2203 eruendi
646 2144 836 2209 causasque
851 2125 972 2210 agendi
986 2144 1124 2189 munera
1145 2144 1257 2209 quum,
1277 2130 1316 2185 ut
1337 2144 1477 2189 necesse

168 2246 171 2251 ’
257 2235 338 2305 erat,
361 2231 516 2311 separata
536 2225 800 2299 tractaverimus,
822 2225 921 2289 simul
936 2248 1026 2302 cura,
1048 2246 1134 2312 quae
1150 2231 1282 2310 spectat
1296 2224 1342 2287 ad
1358 2246 1476 2309 persc-

257 2350 332 2395 nam
356 2327 475 2415 pupilli
495 2326 656 2413 integram
679 2326 892 2402 servandam,
922 2336 974 2391 est
994 2327 1134 2412 prolata.
1184 2326 1237 2389 Ex
1256 2325 1367 2409 ipsius
1392 2326 1476 2388 enim

259 2429 357 2494 bonis
380 2427 543 2513 pupillum
560 2450 580 2491 a
595 2435 748 2491 curatore
771 2429 928 2493 sustineri
950 2436 1052 2515 atque
1075 2428 1246 2514 quomodo
1269 2427 1430 2490 omnibus
1445 2428 1477 2488 in

259 2532 425 2617 angustiis
442 2531 471 2593 ei
488 2551 505 2593 a
522 2529 722 2615 propinquis
746 2529 1084 2615 prospiciaturapud
1100 2550 1215 2591 omnes
1231 2526 1477 2591 Scandinaviae

259 2640 376 2719 gentes
413 2632 642 2716 cognovimus.
693 2630 934 2695 Deficientibns
964 2638 1075 2694 autem
1111 2627 1231 2715 pupilli
1260 2629 1360 2691 bonis
1401 2630 1476 2715 quis

259 2732 370 2797 alendi
387 2745 498 2795 curam
515 2732 685 2817 suscipiat,
703 2732 730 2795 si
747 2732 948 2818 quaerimus,
964 2730 1007 2795 ad
1023 2739 1172 2795 nostram
1188 2730 1230 2793 de
1246 2729 1373 2793 tutelae
1391 2732 1476 2792 anti·

259 2833 421 2922 quissimo
448 2842 598 2917 tempore
624 2834 754 2920 integra
775 2842 809 2897 et
830 2842 950 2918 postea
976 2841 1102 2897 mutata
1128 2840 1248 2896 natura
1274 2832 1477 2894 sententiam

256 2936 363 3021 magis
380 2934 585 3019 probandam
603 2936 747 3021 perspici
762 2934 851 3012 licet,
868 2935 956 2999 sicut
971 2956 1087 2997 omnes
1103 2933 1197 3006 alias,
1219 2932 1267 2995 ita
1283 2930 1371 2995 hauc
1390 2953 1478 3017 quo·

188 3080 201 3105 .
259 3060 326 3125 que
347 3036 649 3123 consanguinitatis
672 3036 922 3122 obligationem,
945 3036 1040 3100 initio
1062 3043 1166 3098 totam
1189 3033 1342 3097 familiam
1358 3033 1478 3117 exple-

258 3141 359 3216 visse,
376 3146 496 3224 postea
511 3136 778 3225 propinquorum
795 3147 853 3203 aut
868 3136 1053 3203 nonnullos
1069 3144 1129 3201 ant
1142 3157 1245 3199 unum
1257 3142 1316 3197 aut
1327 3132 1479 3221 denique

259 3242 389 3306 nullum
414 3236 571 3303 auxilium
594 3238 704 3324 egenti
725 3239 916 3324 tulisse³³).
961 3238 1062 3323 Apud
1077 3258 1193 3301 omnes
1209 3226 1367 3320 populos,
1395 3237 1480 3321 quin

260 3341 412 3430 pupillus
434 3347 584 3404 uteretur
605 3340 678 3427 ejus
702 3340 881 3417 domicili0,
905 3342 1053 3427 quicum
1072 3342 1298 3410 stustentavit,
1318 3335 1480 3399 fierinon

259 3442 371 3531 potuit
387 3448 488 3527 atque
504 3442 544 3515 ei,
568 3442 625 3527 qui
640 3441 733 3508 illum
756 3442 922 3517 educavit,
946 3441 1044 3505 simul
1065 3462 1140 3505 cum
1156 3437 1311 3503 custodia
1326 3439 1479 3503 auctori-

257 3559 310 3613 tas
327 3545 490 3633 que-edam
507 3551 540 3607 et
555 3544 732 3609 coercendi
749 3542 1003 3630 castigandique
1022 3548 1174 3628 potestas
1195 3538 1388 3603 necessario
1408 3549 1480 3602 erat

259 3645 546 3728 concedenda³⁴).
589 3644 715 3709 Poenis
737 3654 846 3708 autem
868 3652 901 3708 et
922 3644 1133 3731 gravioribus
1154 3640 1288 3726 quidem
1309 3640 1477 3725 pupillum

257 3820 460 3835 “m-...-

311 3906 354 3971 ¹⁰)
373 3904 453 3971 Grtg.
466 3903 537 3955 Fest.
550 3906 577 3969 p.
590 3902 623 3951 25
636 3915 657 3953 e.
672 3898 704 3965 (I.
718 3897 789 3965 339).
806 3926 842 3937 -
856 3900 892 3949 Ef
904 3899 970 3966 legit
984 3916 1013 3949 cr
1029 3904 1089 3965 mep
1106 3894 1260 3965 lbgsculdar
1274 3892 1351 3959 lona,
1368 3911 1404 3947 cc
1422 3914 1440 3946 a
1450 3912 1479 3947 sa

257 3997 304 4045 abc
314 3998 350 4060 pa
362 4007 391 4043 er
401 3992 427 4041 fe
439 4004 454 4039 a
466 3994 493 4039 at
504 3987 592 4037 benni.

310 4074 353 4142 ⁸¹)
372 4072 448 4125 Aeld.
462 4072 502 4125 cl.
515 4072 545 4123 L.
559 4074 589 4121 71
605 4069 637 4135 (I.
651 4067 705 4134 36).
741 4068 904 4119 Aettborenn
916 4068 990 4119 madr
1000 4084 1043 4119 mn
1055 4067 1200 4134 gerebam
1211 4065 1277 4115 sitti
1289 4062 1390 4114 skulld.

310 4156 339 4193 ss

310 4158 354 4308 'll
372 4160 559 4310 drdggdinng.
571 4240 598 4291 b.
609 4239 626 4290 l.
640 4254 662 4290 c.
675 4255 698 4292 c.
711 4254 766 4305 sqq.
781 4237 821 4303 (1,
833 4240 883 4287 232
896 4236 977 4303 sqq-(3
996 4236 1072 4286 Aeld.
1085 4236 1128 4287 Gl.
1137 4236 1167 4284 L.
1180 4236 1229 4285 118
1242 4232 1283 4295 (Ι.,
1295 4230 1351 4296 51),
1369 4236 1423 4282 127
1437 4234 1475 4295 (L,

257 4330 314 4397 54);
329 4330 405 4381 Aeld.
419 4330 461 4381 Fr.
474 4328 504 4379 L.
519 4328 550 4382 2⁵
563 4324 681 4399 (1.,215).
706 4324 756 4389 Ny.
768 4321 864 4374 hands.
877 4322 907 4372 L.
920 4321 961 4385 V„
974 4325 1005 4372 12
1018 4322 1138 4387 (11‚‚90);
1163 4322 1206 4371 Er.
1219 4321 1282 4387 Reg.
1296 4321 1328 4370 L.
1341 4320 1406 4371 Siel.
1421 4321 1475 4379 Ill„

260 4420 291 4469 ¹⁰
311 4414 366 4565 94),
375 4411 451 4552 dili.
462 4495 503 4549 Gl.
513 4494 542 4547 L.
555 4494 603 4545 115
617 4494 657 4560 (1,
667 4490 721 4558 51).
745 4490 806 4557 Wg.
815 4491 846 4543 L.
855 4492 875 4542 1.
899 4489 962 4542 Arv.
974 4490 1001 4573 b.
1012 4489 1059 4545 Vl,
1070 4486 1111 4554 (1,
1123 4490 1192 4551 135).
1217 4488 1298 4541 Andr.
1311 4489 1375 4540 Suu.
1387 4489 1474 4539 XXII.

257 4580 364 4653 (1.,19).
