3059 4967
633 426 672 491 19

52 650 163 693 munus
188 628 409 705 concedatur,
433 628 520 693 idem
543 650 641 714 quem
659 628 729 714 jam
753 649 856 713 supra
876 627 1096 715 eognovimus
1118 626 1257 712 propin·

51 752 185 815 quorum
212 730 300 793 ordo
322 736 458 794 tenetur
483 729 615 794 feminis
644 729 807 806 exclusis,
837 750 938 815 quum
961 730 1056 813 ipsae
1077 726 1260 814 injudicio

51 853 139 917 agere
154 841 330 916 nequeant
341 836 381 910 3).
414 832 480 895 Pro
498 852 604 895 uxore
619 838 738 905 autem,
756 832 782 893 si
800 852 904 895 eausa
918 829 1047 917 agenda
1060 830 1268 916 consangui·:

50 934 145 996 nitate
161 934 190 997 ei
206 933 371 1007 defertur,
387 940 427 996 'ut
442 934 578 996 maritus
595 942 672 1019 agat
688 934 888 1017 permittitur
896 934 937 1015 ⁴).
982 930 1050 996 Sed
1066 952 1191 1007 eorum,
1205 932 1263 1017 qui

52 1034 158 1097 eodem
176 1034 285 1120 gradu
300 1034 433 1119 pupillo
450 1041 530 1097 sunt
545 1034 726 1119 conjuncti,
743 1036 817 1098 aliia
834 1056 915 1099 eura
926 1034 1091 1098 bonorum
1108 1032 1181 1097 aliis
1193 1032 1262 1097 lae·
1340 1066 1343 1069 ⁴

52 1137 147 1199 sionis
164 1136 250 1201 ultio
273 1135 482 1200 conceditur.
527 1135 611 1200 Nam
629 1138 718 1200 bona
734 1136 997 1201 administranda
1018 1120 1139 1221 pupilli
1153 1134 1260 1218 ipsius

52 1238 207 1301 commodi
220 1260 329 1301 eausa
342 1238 606 1322 propinquorum
624 1238 816 1302 alteralteri
832 1258 873 1302 eu
885 1236 1016 1301 auferre
1029 1244 1152 1320 potest,
1169 1235 1263 1320 quod

52 1339 194 1403 meliores
211 1338 316 1402 offert
332 1338 554 1414 conditiones
580 1341 615 1402 in
635 1339 698 1403 hae
720 1349 830 1403 autem
851 1337 1060 1424 regerenda,
1076 1344 1114 1399 ut
1135 1356 1202 1421 pax
1218 1336 1268 1399 sit·

53 1439 203 1527 legesque
218 1440 360 1504 valeant
374 1440 408 1502 in
430 1440 574 1516 civitate,
596 1440 624 1503 is
639 1440 837 1525 praefertur,
860 1440 928 1525 qui,
951 1459 1053 1523 quum
1070 1436 1126 1499 alii
1141 1437 1262 1500 transi-

55 1563 122 1624 gere
151 1562 288 1605 causam
328 1541 447 1616 velint,
486 1540 699 1627 gravissimas
742 1562 870 1626 poenas
908 1560 1048 1624 poscere
1085 1538 1262 1619 mavult⁵).

56 1640 164 1727 Neque
187 1643 221 1705 in
246 1642 415 1705 bonorum
439 1662 519 1704 cura
541 1642 756 1726 suscipienda
777 1640 891 1704 valent
913 1640 1016 1725 leges,
1033 1661 1120 1726 quae
1136 1640 1264 1725 praeci-

55 1744 151 1825 piunt,
171 1752 210 1807 ut
229 1744 265 1805 in
288 1742 343 1807 his
365 1743 483 1828 pupilli
505 1744 615 1807 causis
637 1743 776 1830 agendis
797 1743 885 1805 inter
903 1740 1025 1805 fratres
1046 1746 1151 1805 maior
1170 1750 1263 1806 aetas

55 1844 171 1908 tribuat
192 1843 341 1929 priorem
361 1844 482 1917 locum,
503 1844 591 1910 inter
613 1866 689 1920 eos„
705 1844 764 1930 qui
785 1840 965 1907 remotiore
979 1843 1086 1929 gradu
1101 1844 1170 1907 sint
1183 1864 1262 1929 pro-

55 1944 172 2030 pinqui,
194 1944 389 2009 voluntaria
409 1946 558 2029 ipsorum
581 1945 765 2010 transactio
782 1953 840 2008 aut
856 1965 931 2008 sors
947 1941 1155 2025 decernat⁶).
1201 1943 1262 2009 Cui

55 2046 239 2129 respondet,
258 2044 354 2131 quod
376 2046 567 2111 nominibus
584 2069 721 2134 quoque
743 2046 981 2110 discernuntur
995 2051 1126 2111 tutores
1142 2068 1260 2110 secun-

56 2143 126 2208 dum
147 2146 284 2211 diversa
306 2145 421 2209 tuendi
442 2168 594 2225 munera,
617 2170 718 2236 quum
740 2149 906 2212 bonorum
928 2153 1115 2211 curatorem
1136 2145 1262 2210 Islandi

56 2246 219 2331 appellant
245 2246 597 2332 „fiarvarpveizlo
623 2257 770 2334 mapr“‚
791 2248 973 2334 Norvegici
994 2246 1261 2325 „fiarhalldz-

54 2346 191 2423 madr‚“
210 2368 287 2411 cum
306 2354 425 2423 autem,
442 2350 500 2434 qui
516 2350 645 2436 pupillo
662 2350 798 2415 erimine
818 2349 912 2414 laeso
929 2343 1094 2434 prospicit
1105 2348 1261 2434 ‘‚‚apili“

55 2460 169 2514 vocant
179 2450 219 2533 7).
244 2449 438 2513 Recentiori
454 2459 563 2516 autem
580 2459 613 2517 et
627 2452 876 2539 Sueogotorum
892 2450 1025 2537 quidem
1040 2458 1142 2537 atque
1157 2450 1262 2515 Dani·

55 2570 159 2613 corum
176 2551 257 2637 jure
279 2548 374 2635 quod
393 2550 558 2616 bonorum
581 2560 717 2617 curator
739 2553 876 2617 crimina
892 2573 1029 2639 qnoque
1049 2552 1082 2615 in
1099 2550 1264 2637 pupillum

54 2651 222 2715 commissa
238 2652 464 2738 persequitur,
481 2672 540 2716 cur
551 2652 676 2719 factum
689 2656 742 2729 sit,
760 2655 789 2717 si
803 2654 1002 2739 quaerimus,
1017 2674 1139 2717 causas
1151 2654 1263 2717 memi-

53 2752 189 2816 nerimus
211 2772 353 2816 necesse
377 2760 443 2829 est,
471 2753 594 2838 quibus
621 2755 755 2842 singula
776 2755 901 2820 tutelae
923 2777 1060 2820 munera
1080 2755 1263 2842 conjuncta

53 2850 257 2940 feminasque
272 2854 314 2918 ab
331 2874 370 2917 eu
388 2854 543 2919 exclusas
560 2857 761 2940 putavimus.
807 2855 939 2935 Quibus
958 2857 1061 2921 rebus
1084 2864 1263 2921 consenta-

53 2974 143 3017 neum
172 2954 310 3019 videtur
338 2976 422 3031 esse,
452 2956 546 3042 quod
573 2955 751 3022 recentiori
767 2957 847 3043 jure
875 2958 1010 3023 nonnisi
1032 2957 1138 3023 virilis
1162 2979 1264 3023 sexus

56 3052 146 3117 heras
161 3055 336 3140 proximus
353 3065 387 3121 et
400 3057 500 3121 bonis
513 3059 678 3144 prospicit
693 3066 726 3122 et
741 3057 786 3121 ob
807 3056 976 3123 laesiones
991 3058 1121 3144 pupillo
1145 3058 1264 3125 allatas

55 3174 177 3238 poenas
194 3156 358 3241 poscit8).
402 3158 514 3244 Atque
531 3181 618 3247 quae
634 3159 676 3225 de
691 3159 859 3225 bonorum
876 3159 1087 3225 curatoribus
1108 3162 1263 3225 curandi·

106 3388 129 3458 ³)
147 3392 217 3443 Ibid.
237 3394 269 3443 35
288 3408 309 3447 c.
329 3392 373 3460 (11,
392 3392 434 3461 66)
447 3424 482 3432 -
493 3398 533 3447 En
551 3398 621 3465 sapin
638 3414 654 3447 a
670 3404 746 3449 uacat
763 3403 808 3449 ade
826 3416 871 3451 um
882 3400 936 3465 rig,
950 3400 977 3449 ef
986 3414 1047 3449 soor
1068 3415 1097 3449 er
1108 3400 1161 3467 eigi
1174 3400 1204 3451 til
1217 3406 1265 3469 ψι-

55 3479 127 3542 yngri
140 3494 191 3529 eun
198 3478 261 3529 XVI
268 3485 348 3543 vetra,
361 3486 409 3547 {aar
420 3488 494 3533 naest
502 3482 593 3550 bropir
605 3485 883 3551 samsepri,1)abr01)ir
894 3485 1072 3551 sammolni-
1080 3485 1109 3535 ef
1117 3487 1176 3553 peir
1187 3502 1265 3537 menn

55 3577 95 3610 ero
107 3564 160 3630 eigi
172 3564 214 3626 til,
226 3569 261 3630 pa
273 3580 289 3614 a
301 3567 394 3633 vigete
405 3563 469 3618 hiun
479 3569 583 3619 nanasti
594 3568 729 3637 harlmapr
739 3598 775 3605 —
785 3568 846 3621 Alia
859 3570 952 3635 hvergi
965 3569 1052 3621 hversr
1062 3570 1177 3637 vigsavk
1188 3572 1266 3623 undir

55 3641 125 3697 kene.
229 3685 232 3691 ·

104 3728 127 3797 4)
146 3732 226 3799 Grdg.
240 3733 370 3801 vigente
384 3750 406 3788 c.
422 3733 465 3803 (11,
485 3734 552 3801 112).
567 3737 607 3785 En
626 3738 654 3787 es
669 3734 751 3789 konor
768 3742 833 3803 pact
850 3755 879 3789 er
895 3739 987 3804 gemat
1005 3754 1048 3788 ero
1067 3740 1127 3806 eiga
1141 3740 1266 3810 mauu

55 3815 135 3865 veizlc
146 3832 232 3883 angra
243 3835 338 3871 manna
350 3821 437 3888 peina
450 3837 477 3871 er
489 3837 505 3871 a
518 3837 546 3872 er
557 3822 640 3884 nouit,
652 3826 688 3888 pa
700 3824 760 3888 eiga
772 3821 857 3872 bondr
869 3825 956 3890 peina
967 3824 1095 3877 sakirnar.

105 3898 128 3967 5)
140 3903 227 3969 Grag.
245 3904 329 3970 Vigsl.
349 3907 382 3956 35
403 3921 426 3958 e.
446 3904 489 3973 (11,
510 3903 552 3970 67)
564 3933 599 3942 -
618 3906 671 3956 Sva
695 3923 723 3958 er
746 3912 795 3973 {aar
818 3908 899 3958 maelt
916 3913 979 3975 pout
995 3908 1079 3959 saurir
1095 3908 1191 3975 apiliar
1213 3906 1265 3960 hafi

54 3992 132 4036 saettz
141 4003 165 4050 a,
178 3993 226 4054 apr
236 3990 284 4039 vili
296 3996 403 4055 saettaa,
415 3989 529 4058 epereir
541 4005 569 4039 er
580 3995 641 4058 mel)
654 3992 732 4043 saluar
743 3993 800 4043 fara
811 4009 844 4043 en
855 3995 938 4044 enmir
948 3993 997 4043 vili
1009 3994 1069 4058 aigi,
1078 3998 1114 4059 pa
1124 3995 1196 4046 scole
1207 3997 1266 4063 peir

51 4068 137 4131 jasuan
149 4077 215 4139 rapa
227 4090 255 4124 er
266 4075 343 4125 sokia
354 4076 419 4126 vilia
430 4075 462 4125 til
473 4074 554 4125 sullra
565 4074 635 4141 laga.

108 4154 131 4222 ο)
149 4156 216 4210 lbid.
230 4156 274 4225 (11,
290 4155 332 4224 68)
345 4160 389 4211 Nn
400 4160 466 4211 vilia
476 4159 537 4211 allir
549 4157 623 4210 stiria
639 4161 672 4212 til
683 4162 763 4213 fullra
775 4163 845 4229 laga,
859 4167 895 4229 {aa
906 4162 979 4212 seclo
990 4162 1049 4227 pair
1060 4161 1118 4211 luta
1128 4178 1173 4213 um
1185 4161 1264 4214 hvers

55 4240 104 4288 mal
128 4240 205 4292 doma
229 4244 292 4305 scal,
316 4260 385 4295 uena
408 4246 466 4311 pair
482 4247 559 4312 verpi
575 4246 636 4295 allir
653 4262 669 4295 a
691 4252 771 4297 annet
785 4247 868 4297 sanir.
903 4248 1007 4313 Hrergi
1020 4251 1099 4314 raepr
1118 4246 1187 4297 alldr
1202 4254 1263 4315 mep

52 4323 197 4385 jafnuauom
209 4332 332 4379 monnom
348 4334 441 4397 &prom
454 4346 487 4381 en
498 4329 631 4397 brdprom.

57 4494 85 4542 35
104 4406 127 4474 ⁷)
142 4410 225 4545 [tiraq
249 4413 304 4469 Art.
340 4419 367 4481 1).
392 4414 407 4468 a
432 4430 455 4466 u.
479 4412 510 4481 (1,
530 4413 602 4482 1sa)·;
627 4414 704 4469 uela.
721 4416 763 4467 Fr.
782 4415 811 4466 L.
831 4416 870 4466 1x
888 4418 920 4466 aa
939 4412 1262 4483 (1‚214);Greg.vigsl.

98 4507 118 4546 ⁰.
235 4535 241 4549 .
820 4532 826 4537 .

104 4493 205 4649 nivis.
217 4493 363 4636 inan.
375 4583 402 4637 e.
415 4582 452 4635 vt
464 4582 495 4651 (1,
510 4582 569 4653 aas)
581 4584 662 4639 Andr.
675 4582 858 4652 suumn,
873 4583 923 4652 19).
1098 4648 1101 4651 ⁴

1029 4669 1062 4719 2&
