3059 4967
24 621 243 713 matrimonio
264 620 341 706 ipso
362 619 509 707 legitima
532 619 720 685 communio
746 619 1015 694 constitueretur,
1039 617 1068 680 si
1089 618 1251 705 conjuges

23 746 102 789 eam
131 722 460 807 nonrepudiabant.
510 722 594 787 Nam
620 720 789 786 lslandico
813 721 891 807 jure
918 719 1098 804 conjugum
1128 720 1250 805 cuique

22 827 244 913 permittitur,
267 831 305 887 nt
321 845 383 887 sno
404 824 511 909 ipsius
533 824 670 888 arbitrio
692 824 858 887 bonorum
880 820 1144 885 communionem
1167 842 1248 885 con·

23 930 154 993 stituat
175 935 233 991 aut
253 926 408 1013 neget³)‚
438 926 527 1010 apud
548 925 759 1012 Norvegicos
786 945 874 988 uxor
899 921 1018 985 marito
1046 922 1135 986 illam
1159 944 1249 987 com·

20 1030 223 1093 munionem
244 1027 420 1112 repudiare
443 1048 511 1090 non
533 1032 686 1112 potest⁴)
706 1035 740 1090 et
755 1026 958 1090 Danicorunr
978 1024 1070 1109 leges
1086 1024 1250 1111 conjuges

22 1130 97 1194 hac
129 1129 361 1193 communione
390 1150 521 1213 semper
548 1130 594 1194 nli
622 1128 757 1205 volunt,
791 1128 856 1191 nisi
881 1126 1051 1192 declarata
1074 1125 1275 1189 voluntate

22 1253 104 1295 eam
130 1231 291 1316 conjuges
313 1234 524 1315 negarent⁵).
570 1229 645 1309 Qua
665 1232 739 1315 ipsa
759 1230 992 1293 communione
1007 1228 1125 1291 marito
1142 1225 1248 1290 facul-

19 1342 82 1397 tas
106 1331 319 1395 abalienandi
346 1332 436 1395 bona
464 1334 651 1395 communia
673 1332 813 1397 concedi
835 1331 977 1396 videtur.
1021 1328 1116 1403 Nam,
1145 1350 1246 1414 quum

20 1434 209 1519 utriusque
231 1434 385 1519 conjugis
402 1433 492 1496 bona
509 1455 616 1519 neque
632 1456 667 1498 re
685 1456 762 1498 vera
779 1455 889 1519 neque
905 1433 983 1519 jure
1000 1432 1068 1494 sint
1082 1439 1246 1516 separata,

17 1535 150 1599 mulier
179 1536 389 1598 matrimonio
412 1535 525 1597 soluto
548 1556 616 1597 non
644 1536 775 1611 eadem,
799 1556 886 1621 quae
907 1533 1035 1614 attulit,
1058 1533 1164 1607 bona,
1188 1532 1248 1595 sed

20 1645 156 1701 certam
179 1635 284 1699 solam
307 1636 472 1721 quandam
496 1637 717 1701 communium
738 1638 904 1702 bonorum
926 1645 1052 1721 partem
1069 1654 1248 1719 reposcere

18 1740 119 1803 licet.
164 1736 294 1817 Quare
317 1760 446 1814 eorum,
471 1760 558 1823 quac
579 1740 716 1804 maritus
738 1739 916 1813 abalienat,
939 1758 1026 1800 uxor
1045 1736 1129 1799 nihil
1150 1756 1246 1798 ouum

18 1838 202 1903 vindicare
223 1848 338 1925 potest
358 1848 459 1927 atque
480 1840 624 1925 negotia,
652 1862 738 1926 quae
761 1840 908 1912 maritnS,
925 1838 1055 1924 ,qnippe
1076 1838 1135 1923 qui
1156 1858 1246 1900 com·

19 1942 123 2003 muni
140 1942 186 2003 rei
203 1940 355 2005 familiari
372 1943 586 2027 praepositus
604 1942 656 2018 sit,
681 1942 858 2015 contraxit,
881 1962 969 2003 uxor
990 1961 1127 2026 quoque
1142 1960 1246 2025 agno·

19 2064 125 2106 scere
140 2041 289 2121 debet⁶).
333 2043 451 2129 ltaque
466 2044 499 2106 in
515 2044 680 2107 bonorum
698 2044 940 2117 commuuione,
963 2042 992 2105 si
1006 2042 1104 2105 uxori
1121 2062 1161 2104 eo
1176 2062 1245 2102 non

19 2145 113 2208 satis
141 2144 360 2228 prospicitur,
396 2142 488 2230 quod
515 2146 642 2209 lucrum
671 2154 703 2208 ct
729 2145 884 2208 damnum
916 2161 1017 2208 omne
1042 2143 1145 2207 habet
1171 2162 1245 2203 cum

18 2246 148 2310 marito
175 2264 349 2309 commune
374 2267 415 2309 ne
442 2246 674 2311 detrimontum
702 2247 821 2330 capiat,
849 2268 885 2310 se
911 2244 1091 2310 defendero
1116 2242 1244 2327 nequit,

19 2347 94 2411 nisi
116 2355 255 2432 propter
275 2346 553 2433 prodigalitatem,
582 2348 673 2411 utin
694 2349 846 2411 maritum
869 2355 961 2434 agat,
986 2348 1013 2410 ei
1037 2345 1243 2410 conceditur.

18 2448 74 2513 Iis
97 2469 234 2533 quoque
257 2448 365 2525 borio,
390 2470 476 2534 quae
499 2458 629 2513 exemta
651 2458 765 2513 sunta
782 2449 1024 2525 communione,
1048 2448 1186 2511 maritus
1202 2445 1244 2509 ad

20 2572 238 2616 communem
259 2571 355 2613 usum
379 2553 553 2636 prospicit,
577 2562 679 2638 atque
695 2574 809 2616 eorum
826 2574 867 2616 ne
883 2550 1094 2636 venditiones
1111 2548 1244 2633 quidem

17 2673 117 2716 uxor
138 2673 248 2737 neque
268 2672 390 2737 negare
412 2675 521 2739 neque
543 2674 701 2721 revocare
722 2657 887 2739 potest7),
911 2652 1020 2715 damni
1044 2659 1152 2713 autem
1175 2670 1245 2713 sar·
1288 2714 1291 2719 ,

19 2753 138 2818 ciendi
160 2753 278 2838 petitio
295 2754 323 2817 ei
341 2754 550 2839 permittitur,
574 2756 600 2818 si
616 2756 748 2840 probat,
772 2755 937 2819 bonorum
960 2774 1096 2817 suorum
1118 2750 1245 2837 aliquid

17 2876 139 2941 neque
154 2855 189 2917 in
204 2855 310 2939 ipsius
327 2856 535 2919 commodum
553 2878 661 2943 neque
678 2857 718 2920 ad
737 2878 942 2921 communem
959 2877 1055 2918 usum
1073 2873 1147 2916 esse
1163 2872 1244 2914 con·

18 2956 225 3037 sumtum8),
270 2955 354 3021 Nam
370 2958 580 3021 matrimonio
602 2957 716 3021 soluto
739 2956 877 3031 mulieri,
900 2967 1021 3020 utnon
1038 2954 1162 3029 eadem,
1186 2951 1247 3015 sed

20 3064 136 3130 tanta,
160 3065 286 3141 quanta
301 3058 422 3135 attulit,
444 3066 611 3145 reposcat,
635 3060 795 3125 detractis
810 3060 861 3135 iis,
877 3047 1011 3143 quaein
1027 3057 1133 3142 ipsius
1149 3076 1245 3118 usum

17 3167 108 3225 sunt
131 3167 315 3235 consumta,
339 3159 431 3247 leges
452 3164 648 3247 permittunt
659 3167 697 3245 ⁹).
743 3160 888 3225 Omnino
910 3173 1018 3223 autem
1040 3159 1073 3221 in
1093 3157 1244 3220 maritum

80 3412 105 3481 ³)
126 3414 203 3481 Gra'g.
219 3414 327 3481 Festp.
340 3420 371 3465 22
383 3432 405 3468 c.
418 3414 441 3482 (l
454 3420 527 3479 ,33t,
538 3415 608 3481 335).
628 3418 683 3469 Hiu
695 3416 728 3467 ll.
743 3418 802 3485 eigo
814 3424 841 3467 at
852 3422 916 3483 gbra
929 3412 998 3481 felag
1010 3415 1063 3476 sitt,
1076 3415 1104 3463 ct
1113 3418 1167 3479 bau
1180 3411 1244 3460 vilia

14 3504 49 3552 ef
61 3504 125 3565 mep
139 3501 209 3566 paim
223 3499 562 3569 erjafnmaeli,oosvavi11
577 3503 684 3569 erlingia
697 3504 795 3569 beirra3
813 3502 877 3553 ibid.
893 3506 932 3564 17,
946 3504 977 3550 23
991 3516 1012 3551 c.
1026 3516 1048 3549 c.
1062 3497 1091 3565 (1.
1106 3501 1164 3559 330,
1174 3493 1243 3563 336).

80 3580 105 3650 ⁴)
126 3584 191 3633 Aeld
206 3585 248 3634 Gl.
261 3585 291 3637 L.
305 3588 338 3635 53
352 3584 390 3652 (1,
403 3584 455 3654 28).
480 3588 547 3652 Eiga
559 3603 574 3636 a
586 3584 654 3638 lona
666 3595 693 3637 at
705 3590 781 3653 syuia
792 3588 896 3639 boanda
912 3585 997 3636 einum
1009 3584 1092 3650 felag3
1112 3582 1241 3633 Aelia&

15 3672 50 3720 L.
67 3669 125 3730 XL,
139 3671 154 3718 8
168 3668 200 3745 (1,
215 3668 287 3730 231),
310 3672 352 3736 Ny
365 3671 452 3721 Lands
464 3672 494 3721 L.
507 3673 538 3720 V.
553 3674 575 3721 3.
590 3674 644 3735 (ΙΙ,
658 3673 712 3737 76).

81 3753 107 3816 ⁵)
126 3754 168 3803 Er.
182 3754 245 3821 ch.
259 3755 289 3806 L.
300 3755 354 3805 siet
367 3757 396 3819 1,
409 3758 463 3821 (11,
475 3756 511 3821 3).
530 3759 616 3824 Tager
627 3757 708 3807 Mand
721 3758 762 3824 sig
775 3753 933 3823 Aegtckone,
946 3754 987 3817 da,
999 3754 1069 3804 hund
1082 3769 1137 3803 som
1151 3750 1183 3801 dc
1196 3750 1243 3815 eje,

15 3841 36 3890 J
38 3836 91 3888 ord
110 3839 250 3905 undtagen,
269 3838 345 3889 derat
359 3842 412 3905 ejcr
424 3840 487 3893 hver
499 3843 660 3909 Hallparten,
678 3860 720 3893 om
733 3841 819 3909 endog
830 3839 895 3891 hans
908 3840 979 3890 Goda
992 3855 1039 3889 var
1050 3841 1080 3889 al
1091 3841 1139 3889 100
1152 3836 1243 3886 Marks

11 3922 137 3975 Vaerdie
150 3940 184 3989 og
196 3924 303 3975 bemdes
316 3927 386 3990 ikke,
400 3926 464 3977 eller
476 3927 584 3979 herodes
596 3932 625 3979 uf
636 3931 683 3979 100
695 3923 784 3977 Marks
797 3926 892 3977 Vaerdi
904 3942 939 3990 og
949 3925 1015 3975 huns
1026 3925 1097 3975 ikke.

78 4008 104 4068 ⁶)
124 4007 202 4059 Andr.
217 4010 279 4060 Suu.
292 4011 322 4061 V.
337 4013 377 4074 ll,
391 4013 418 4075 4)
432 4040 466 4047 -
478 4013 558 4063 stabit
570 4015 693 4064 alienatio
707 4028 753 4079 per
764 4028 873 4063 uxorem
887 4014 929 4063 cui
941 4029 993 4062 non
1005 4010 1128 4061 convenit
1139 4007 1171 4057 do
1183 4006 1240 4055 viro

8 4111 68 4147 suo
89 4096 214 4158 conqueri
230 4095 379 4146 nullatenus
397 4096 550 4146 infirmanda
570 4124 594 4134 -
617 4097 663 4149 scd
680 4099 706 4147 in
724 4105 792 4147 terra
808 4098 853 4149 vel
869 4100 892 4148 oi
909 4105 978 4147 terra
995 4096 1107 4146 defuerit
1122 4094 1149 4142 in
1160 4090 1240 4141 rebus

6 4177 186 4247 quibuslibet
194 4180 266 4243 juste
279 4181 405 4231 estimatis
417 4184 526 4247 recipiet
538 4174 787 4249 compensationem
811 4200 836 4235 v.
850 4183 1002 4233 Stemannn:
1020 4182 1075 4231 Dae
1086 4176 1240 4229 Gliterrccht

6 4267 62 4317 der
76 4263 226 4329 Ehegatten
237 4265 273 4314 im
287 4265 396 4317 Gebiete
409 4267 454 4318 des
466 4269 595 4319 Jiitsohen
609 4270 687 4333 Lovs,
700 4268 879 4335 Kopenhagcn
894 4271 968 4320 1857.
986 4268 1010 4327 ξ.
1023 4270 1048 4317 5.

74 4346 102 4407 ⁷)
121 4362 146 4397 v.
160 4347 283 4399 Stcmann
295 4350 313 4400 l.
326 4367 347 4403 c.
362 4352 384 4412 5.
401 4356 440 4405 11.

72 4431 101 4496 ⁶)
122 4430 202 4498 Grag.
219 4435 288 4485 Fest.
312 4440 338 4502 p.
357 4441 388 4486 17
406 4453 428 4487 o.
452 4437 483 4501 (I.
503 4440 578 4503 330„
602 4436 681 4490 Andr.
701 4439 762 4489 Son.
782 4439 813 4491 V.
836 4436 918 4504 (1.,4)
936 4452 1001 4489 ιιι.
1018 4438 1047 4499 63
1071 4451 1097 4486 v.
1115 4432 1237 4483 Stemann

5 4522 24 4573 1.
43 4517 169 4577 o.§.17.

71 4600 100 4668 ⁹)
121 4602 151 4650 V.
164 4617 189 4652 n.
203 4604 227 4652 8.
