3059 4967
84 477 99 561 i

121 329 133 370 s

103 389 120 442 s

29 38 61 96 st
93 35 129 71 ¹¹
184 30 200 76 7

18 121 25 141 y(
173 92 186 131 't

165 152 172 176 Ι

136 280 144 310 Ι

825 358 868 427 38
961 383 965 389 ,

237 563 505 651 propinquorum
528 562 570 627 ad
592 562 728 647 nuptias
750 561 999 628 contrahendas
1020 563 1114 647 apud
1134 583 1250 627 omnes
1271 563 1450 652 Scaudina·

234 667 359 731 viorem
378 673 494 753 gentes
511 665 712 750 postulatur.

299 768 350 833 De
366 767 629 852 desponsatione
645 765 728 850 ipsa,
745 762 828 851 quid
842 763 924 833 insit
935 763 970 827 in
986 785 1034 840 ea,
1050 772 1085 831 et
1096 766 1271 852 quomodo
1286 766 1357 842 fiat,
1372 768 1452 833 inter

236 893 284 946 ea,
313 891 400 957 quae
423 868 555 933 diversa
577 874 765 942 narrantur,
794 864 960 931 interdum
983 866 1093 931 solum
1116 868 1248 946 dicitur,
1276 870 1452 954 petitiones

236 970 414 1057 placuisse,
435 970 570 1054 nuptias
586 968 694 1032 factas
711 989 786 1031 esse
807 966 1037 1047 solennes⁴⁶).
1080 968 1197 1033 Altero
1213 970 1365 1055 quodam
1380 972 1452 1035 loeo

238 1072 379 1137 Glumus
395 1070 526 1146 Arnori,
551 1070 608 1157 qui
629 1076 729 1155 rogat
750 1090 835 1142 eum,
858 1077 895 1132 ut
911 1089 973 1154 pro
990 1091 1026 1133 se
1043 1078 1144 1153 petat,
1166 1071 1257 1147 dicit,
1279 1072 1409 1137 frustra
1422 1096 1453 1138 se

236 1182 386 1239 acturum
402 1194 486 1248 esse,
508 1194 609 1259 quum
627 1171 808 1235 deficerent
821 1168 1073 1251 facultates⁴⁷).
1114 1170 1189 1235 Alio
1206 1171 1287 1235 loco
1305 1172 1453 1251 Glumus‚

236 1276 307 1340 suis
322 1276 428 1361 ipsius
439 1274 540 1339 bouis
553 1295 589 1337 so
600 1274 779 1357 petitorem
791 1271 982 1357 adjuturum
999 1292 1085 1347 esse,
1101 1272 1359 1360 pollicetur-⁴⁸).
1383 1277 1453 1340 Am·

236 1377 345 1463 pliora
361 1375 490 1461 profert
505 1375 648 1439 historia
659 1373 777 1448 Nialis,
792 1374 827 1435 iu
843 1370 1258 1458 quaMordusldoskuldo
1275 1398 1343 1461 pro
1360 1377 1455 1442 fratre

236 1480 363 1565 petenti
376 1478 502 1542 dixisse
517 1480 694 1543 narratur4
704 1480 746 1556 ⁹):
771 1473 912 1539 Multum
930 1474 1043 1539 bacin
1058 1497 1095 1539 re
1111 1498 1172 1562 pro
1185 1476 1291 1541 fratre
1304 1479 1455 1544 conferas

235 1602 375 1645 necesse
391 1588 451 1653 est,
468 1602 569 1666 quum
586 1576 654 1641 filia
669 1598 711 1639 eu
727 1596 803 1639 asse
818 1576 916 1641 heres
928 1598 1001 1641 mea
1012 1576 1057 1641 sit
1067 1576 1189 1643 futura.
1226 1580 1346 1665 Atque
1361 1580 1455 1644 inter-

236 1690 383 1769 rogatus
397 1688 436 1746 ut
449 1681 633 1745 constituat
645 1676 870 1753 conditiones,
883 1678 978 1743 dicit:
996 1677 1110 1743 Filiam
1123 1702 1226 1745 meam
1240 1680 1456 1747 douaboLX.

238 1782 387 1849 centenis
400 1783 517 1857 unciis,
535 1802 675 1868 quarum
689 1779 816 1842 tertiam
835 1789 961 1864 partem
977 1779 1101 1845 addere
1116 1780 1219 1845 debes
1233 1804 1251 1845 e
1265 1783 1370 1847 bonis
1387 1786 1455 1847 tuis.

238 1884 314 1965 Qua
329 1883 522 1948 conditione
538 1882 725 1969 approbata
744 1882 889 1946 testibus
909 1881 1070 1946 adhibitis
1090 1881 1314 1966 desponsatio
1338 1885 1456 1947 coufir-

237 1993 354 2049 matur.
379 1984 505 2049 Eodem
518 1984 619 2047 modo
634 1982 717 2069 petit
728 1982 947 2048 Thorvaldus
959 1982 1001 2047 ab
1014 1982 1206 2059 Hoslruldo,
1222 1993 1261 2049 ut
1272 1985 1459 2050 constituat

239 2086 461 2162 conditiones
483 2093 525 2162 et,
544 2094 722 2171 postquam
741 2084 783 2148 do
799 2086 954 2149 omnibus
972 2095 1212 2162 convenerunt,
1233 2085 1391 2171 perfecta
1406 2090 1457 2152 de·
1509 2151 1511 2172 ,

238 2188 458 2275 sponsatiouo
474 2187 654 2252 discedunt
665 2189 724 2267 ⁵⁰).
758 2186 831 2251 Alia
843 2186 988 2273 deniqne
1001 2186 1289 2271 descriptiono⁵¹)
1308 2189 1457 2276 despou-
1509 2191 1512 2230 ’·

239 2291 362 2356 sationi
382 2290 449 2354 hoc
471 2288 650 2375 praecipue
670 2287 783 2353 inesse
804 2288 941 2353 dicitur:
978 2287 1207 2353 Definicbatur
1227 2290 1311 2375 quid
1333 2314 1461 2377 sponsa
1511 2293 1513 2298 ’

240 2414 259 2456 a
280 2392 475 2477 parentibus
497 2398 678 2475 acceptura
700 2392 757 2467 sit,
787 2390 830 2455 ad
852 2388 947 2476 quod
968 2410 1117 2475 sponsus
1138 2398 1262 2455 certam
1289 2394 1460 2479 quandam
1513 2435 1515 2452 .

238 2495 405 2558 bonorum
432 2500 559 2579 partem
586 2491 708 2560 addere
730 2492 885 2557 debebat.
930 2491 1043 2578 Atque
1071 2493 1208 2557 omnino
1228 2485 1458 2579 'desponsatio

241 2594 412 2682 profertur
427 2590 582 2657 his‘locis
599 2602 694 2657 actus
711 2592 861 2657 solennis
878 2613 989 2655 coram
1006 2593 1125 2679 sponsi
1146 2615 1362 2682 sponsaeque
1380 2619 1459 2682 pro-

240 2697 377 2783 pinquis
400 2696 638 2781 desponsatori
665 2693 1026 2777 consentientibus⁵²).
1071 2693 1168 2774 Quos
1189 2718 1300 2761 mores
1324 2698 1460 2785 legibus

242 2820 316 2865 esse
338 2797 487 2863 sancitos
510 2820 626 2863 omnes
647 2795 734 2882 juris
756 2794 872 2859 fontes
893 2794 1135 2861 demonstrant.
1179 2796 1230 2861 Ita
1252 2798 1461 2885 Gragas⁵³):

240 2900 402 2987 Legitime
420 2901 513 2985 virgo
531 2898 772 2983 despondetur,
797 2918 898 2985 quum
915 2895 1142 2982 desponsator
1157 2919 1195 2963 ao
1212 2920 1361 2983 sponsus
1376 2924 1462 2965 con·

241 3001 381 3066 veniunt
401 3000 443 3065 de
465 3023 521 3077 eo,
548 3001 641 3086 quod
663 2999 786 3063 abillo
809 2996 1037 3084 praebendum
1058 3000 1117 3076 sit,
1140 3000 1285 3065 testibus
1306 3001 1352 3065 ad
1370 3001 1464 3067 banc

241 3125 309 3167 rem
332 3102 507 3180 adhibitis3
536 3110 639 3167 testes
662 3122 725 3165 vos
746 3122 820 3164 esse
836 3100 959 3186 jubeo,
987 3102 1098 3186 inquit
1118 3123 1281 3187 sponsus,
1307 3102 1402 3188 quod
1423 3115 1463 3168 tu

241 3205 283 3269 N.
297 3204 339 3269 N.
354 3205 521 3290 legitimus
538 3203 764 3288 desponsator
779 3202 927 3289 legitimo
943 3202 1178 3289 despondeudi
1193 3212 1294 3289 pacto
1311 3205 1464 3291 despon-

243 3307 302 3370 des
319 3306 396 3369 mihi
412 3305 454 3371 N.
469 3305 522 3383 Ν.,
545 3313 578 3369 et
599 3305 717 3368 dextra
739 3305 819 3368 data
839 3305 1055 3369 donationem
1074 3303 1155 3368 mihi
1176 3315 1209 3369 te
1223 3304 1369 3369 laturum
1385 3328 1465 3371 esse

176 3442 180 3451 »
242 3408 421 3494 promittis,
465 3410 575 3493 Atque
598 3406 739 3481 easdem,
764 3428 849 3492 quas
870 3407 904 3469 in
926 3406 1078 3470 historiis
1099 3405 1286 3469 invenimus
1303 3406 1464 3471 donatio·-

242 3532 312 3585 ues,
336 3505 463 3593 Grtgts
484 3506 626 3571 feminae
648 3506 801 3592 praeberi
814 3508 922 3611 jubet,
945 3529 1019 3572 uam
1036 3516 1070 3573 et
1084 3530 1104 3571 a
1118 3508 1316 3593 parentibus
1331 3530 1466 3593 sponsa

242 3612 367 3675 donum
389 3610 525 3694 accipit,
556 3609 649 3695 quod
672 3609 955 3697 ‚‚hcimanfylgio“
976 3618 1116 3686 vocant,
1139 3619 1174 3675 et
1194 3610 1289 3696 quod
1311 3632 1464 3696 sponsus

296 3797 341 3862 ⁴⁰)
358 3799 428 3865 vigs
440 3798 533 3849 Glums
547 3798 616 3865 Ssgs
629 3814 652 3849 o.
666 3802 706 3853 10.

294 3883 337 3950 Η)
357 3884 425 3935 Ibid.
437 3900 460 3935 c.
476 3887 515 3935 11.

295 3967 339 4035 ⁴⁸)
358 3968 425 4019 Ibid.
438 3984 460 4019 c.
476 3970 516 4020 15,

279 4098 281 4103 .
297 4054 340 4118 49)
358 4054 432 4105 Nisls
446 4053 515 4119 Saga
526 4067 549 4106 o.
564 4055 587 4103 2.

298 4139 340 4203 ⁶⁰)
359 4139 426 4191 Ibid.
440 4154 462 4190 o.
476 4140 501 4192 9.

295 4222 337 4289 Η)
357 4224 425 4274 Ibid.
439 4239 462 4274 o.
477 4224 517 4275 13.

296 4308 325 4339 62
391 4310 397 4323 ’

297 4310 341 4458 ”i
358 4309 522 4462 3:283th
541 4396 568 4459 p.
582 4394 596 4439 t
610 4404 632 4441 o.
653 4386 694 4453 (1.,
707 4384 776 4450 316).
799 4392 835 4453 ps
852 4402 880 4438 er
896 4386 967 4437 kono
984 4387 1091 4453 sdstuop
1109 4391 1136 4436 st
1152 4384 1250 4453 logon,
1266 4385 1296 4435 ef
1309 4390 1388 4453 ruopr
1403 4387 1468 4438 tinir

242 4478 355 4531 mundar
370 4480 432 4543 mel,
451 4496 483 4529 en
503 4479 582 4545 eipsn
595 4490 611 4525 s
622 4470 781 4541 lignapsndi
797 4486 830 4523 oo
846 4487 877 4521 ss
893 4475 970 4538 mspr
985 4488 1014 4522 er
1024 4471 1113 4523 konsu
1124 4487 1153 4524 er
1164 4472 1214 4523 fest
1225 4475 1253 4521 at
1262 4471 1343 4521 ustos
1353 4478 1429 4524 rstta
1441 4478 1469 4523 st

241 4565 289 4636 pri
301 4565 373 4619 vetti.
390 4592 419 4601 -
